4374 5610
1108 365 1262 428 ..g-

489 567 555 633 Iam
578 588 653 633 vero
681 589 865 654 quemquam
882 574 1107 640 Atheniensem
1130 576 1187 642 tali
1208 598 1244 642 re
1270 578 1414 646 familiari
1443 583 1620 667 praeditum
1645 583 1741 650 filiam
1756 587 1799 652 ad
1818 590 2036 658 condicionem

329 674 528 739 inhonestam
560 676 716 740 abiecisse
748 680 940 762 persuadere
974 682 1049 746 mihi
1083 702 1147 748 non
1181 704 1318 769 possum.
1363 689 1471 770 Aque
1494 688 1690 774 Plangonem
1724 691 1908 762 Mantinea
1941 707 2035 784 patre

328 801 475 866 sponsam
509 776 693 868 (ἐγγυητήν)
729 804 799 849 esse
822 784 1066 873 Buermannus¹)
1101 809 1141 854 ex
1163 809 1202 854 eo
1234 799 1323 858 recte
1345 793 1488 860 effecisse
1511 796 1586 861 mihi
1608 798 1697 863 videt
1684 807 1743 880 tur,
1779 803 1862 884 quod
1896 805 2035 873 Martias

327 909 397 953 eum
411 888 492 956 filios
519 893 560 959 ad
582 893 748 979 phratores
771 891 991 975 deduxisset'
982 915 1031 959 rus
1057 896 1220 962 iurandum
1247 898 1322 964 dare
1339 884 1536 966 debebatz³
1515 898 1623 989 ημήν
1638 899 1713 980 ιζ’
1695 907 1789 994 curig
1808 906 1863 973 καὶ
1880 906 2037 1001 ἐγγυητῆς

326 991 476 1076 γυναικός
494 995 636 1079 εἰσάγειν
660 998 784 1081 (Isaeus
806 999 898 1080 VIII,
937 1002 1002 1085 19)
1049 1000 1154 1078 Quid²
1190 1025 1230 1068 ne
1264 1004 1505 1072 adversarius
1495 1030 1565 1095 ipse
1588 1015 1713 1097 quidem
1736 1038 1805 1082 eam
1826 1041 1894 1085 rem
1912 1041 2030 1107 negare

324 1108 436 1172 andetl
482 1111 566 1175 Audi
589 1127 706 1192 quaeso
729 1106 812 1171 hunc
834 1107 936 1172 locum
959 1107 1039 1192 (XL,
1073 1110 1143 1194 26):
1168 1107 1264 1192 χωρὶς
1282 1107 1318 1174 δι’
1335 1110 1459 1179 τούτων
1488 1111 1702 1207 ἐνθιιμήθννε
1734 1118 1835 1187 dani
1803 1148 1834 1189 τι
1851 1120 1897 1190 ἄν
1915 1126 2031 1195 noted

324 1211 444 1301 πατήρ,
464 1214 558 1300 εἴπερ
577 1210 670 1303 ἡμὲν
689 1208 752 1298 ἐμή
770 1208 879 1300 μήτηρ
898 1235 944 1301 μη
966 1237 1009 1300 ην
1028 1211 1161 1344 ι’γγνηιή
1178 1210 1260 1300 μηδ’
1275 1210 1435 1302 ηνέγκατο
1464 1228 1594 1305 προῖκα,
1616 1247 1636 1311 q
1630 1221 1693 1291 de*
1710 1223 1832 1293 τοίτων
1859 1224 2028 1315 ἠνέγκατο,

323 1324 456 1399 τούτους
473 1324 534 1409 μὲν
553 1320 614 1392 oria
632 1321 694 1411 ἔφη
713 1320 813 1388 αυτοῦ
831 1323 914 1396 νῖεις
932 1310 1017 1388 εἶναι
1034 1322 1092 1407 ἐμὲ
1115 1323 1224 1391 δὲκαὶ
1251 1322 1391 1392 ἐποιεῖτο
1411 1327 1465 1393 καὶ
1485 1326 1670 1415 ἐπαίδευεν·
1704 1336 1897 1402 Mantitheus
1931 1333 2030 1426 neg'e't

323 1441 430 1505 dotem
462 1439 667 1522 aPlangone
690 1437 773 1522 patri
808 1436 935 1501 allatam
959 1457 1043 1518 esse,
1079 1438 1132 1520 qui
1166 1438 1193 1501 si
1216 1437 1388 1522 Plangcnis
1424 1442 1638 1525 sponsalium
1662 1442 1889 1509 dubitationem
1912 1468 2028 1515 vocare

323 1548 488 1633 potuisset,
512 1547 610 1611 verba
633 1567 653 1630 η
645 1539 709 1608 ‘rie'
726 1538 845 1608 τούτων
864 1537 1013 1630 [ἕγγιιηιή
1032 1525 1083 1632 ἦν]
1102 1542 1157 1609 καὶ
1177 1542 1328 1626 ι’νεγκατο
1362 1546 1481 1612 addere
1511 1568 1574 1613 non
1604 1549 1807 1632 neglexisset.
1851 1552 1974 1619 Deinde
2000 1557 2029 1620 si

323 1653 445 1737 Plaugo
470 1675 532 1718 non
555 1675 574 1716 a
597 1659 688 1739 patre
703 1659 926 1736 sponsaesset,
951 1652 1106 1732 quomodo
1130 1651 1210 1716 filius
1233 1651 1285 1715 vel
1301 1653 1445 1718 ementiri
1460 1655 1564 1739 potuit
1586 1663 1717 1721 matrem
1741 1656 1861 1724 talento
1886 1661 2027 1729 dotatam

321 1759 411 1826 esse?
463 1761 505 1826 Et
528 1761 673 1843 quoniam
705 1779 766 1824 non
792 1758 919 1823 dubium
942 1764 1001 1838 est,
1036 1758 1111 1840 quin
1133 1757 1222 1842 virgo
1245 1758 1452 1823 Atheniensis
1475 1760 1532 1824 tali
1555 1761 1630 1826 dote
1653 1763 1800 1848 praedita
1822 1766 1907 1832 nulla
1931 1768 2027 1834 aliam

321 1888 390 1932 cum
424 1868 492 1931 viro
530 1867 615 1932 vitae
654 1867 899 1932 communionem
932 1865 1040 1928 inierit
1066 1864 1127 1929 nisi
1156 1865 1385 1930 matrimonium
1408 1865 1531 1949 iustum,
1556 1862 1696 1934 Boeotus
1720 1878 1808 1936 certe
1829 1871 2024 1959 Plangouem

320 1982 452 2039 matrem
474 1975 586 2039 iustis
610 1975 755 2056 nuptiis
779 1995 848 2038 cum
864 1971 985 2035 hiantia
1007 1972 1205 2036 coniunctam
1228 1971 1315 2037 dicit.

481 2081 604 2146 Deinde
628 2081 767 2147 Boeotus
789 2080 961 2165 PlangonIs
995 2077 1077 2142 filius
1100 2099 1134 2143 se
1169 2078 1346 2143 Mantitheo
1379 2079 1529 2144 maiorem
1563 2088 1640 2146 natu
1674 2102 1745 2147 esse
1781 2106 1855 2150 vere
1889 2087 2023 2154 affirmat

317 2187 547 2274 (xxxlxat).
609 2188 640 2252 Is
663 2189 754 2269 enim,
791 2209 859 2252 cnm
883 2187 960 2251 dicit
983 2177 1025 2247 ου’
1042 2181 1105 2268 μίν
1125 2182 1331 2270 ἰσχυρίζομαι
1347 2180 1465 2270 τούτῳ,
1496 2189 1643 2253 concedit
1661 2189 1947 2278 etalioloco(XL,
1966 2195 2020 2281 27)

319 2294 470 2359 Mantianr
498 2304 614 2376 narrat,
640 2303 673 2360 et
696 2303 863 2378 antequam
885 2305 1015 2361 matrem
1037 2318 1125 2361 suam
1147 2297 1290 2361 duxisset
1313 2304 1346 2360 et
1368 2303 1535 2381 postquam
1556 2295 1612 2358 illa
1635 2296 1768 2379 obisset,
1791 2299 1822 2362 in
1846 2299 2021 2385 PlangonIs

316 2401 559 2467 familiaritatem
582 2403 727 2468 intrasse.
762 2399 866 2477 Quare
881 2402 1050 2488 suspiceris
1066 2403 1218 2467 Martiam
1233 2403 1365 2489 primum
1388 2402 1583 2486 Plaugouem
1598 2400 1755 2488 Pamphili
1770 2404 1869 2471 filiam
1891 2428 2021 2473 umorem

315 2510 473 2590 habuisse,
498 2510 571 2573 dein
594 2509 730 2574 divortio
753 2507 837 2574 facto
861 2509 1020 2594 Polyarati
1043 2509 1137 2574 filiam
1160 2508 1327 2595 duxisse.²)
1373 2507 1469 2574 Cuius
1504 2508 1632 2573 divortii
1655 2511 1738 2592 quod
1767 2511 1801 2576 in
1824 2513 2020 2580 orationibus

318 2636 396 2700 quas
432 2616 563 2701 legimus
597 2617 713 2681 mentio
748 2616 833 2680 nulla
856 2616 929 2700 fin),
976 2638 1038 2680 non
1071 2618 1180 2682 mirum
1214 2625 1274 2699 est,
1308 2617 1463 2699 siquidem
1477 2605 1676 2681 'matrimonii
1700 2617 1843 2683 dissoluti
1865 2623 2020 2687 memoria

308 2723 431 2811 oratori
453 2723 506 2787 vel
528 2724 660 2788 maximo
683 2723 831 2806 fugienda
854 2730 931 2788 erat.
978 2724 1103 2788 IIireris
1127 2724 1277 2789 hiantium
1310 2732 1383 2808 post
1419 2731 1549 2788 nrortem
1579 2723 1686 2793 ureris
1708 2723 1838 2790 alterius
1861 2728 1901 2792 ad
1925 2727 2021 2793 Plan·

313 2851 426 2914 gonem
448 2831 580 2911 redisse,
611 2830 710 2913 magis
734 2830 826 2894 etiam
849 2831 971 2896 mireris
994 2853 1013 2895 a
1036 2831 1166 2896 muliere
1189 2831 1356 2917 repudiata
1378 2831 1545 2897 admissum
1569 2849 1649 2912 esse,
1674 2850 1859 2915 quamquam
1883 2841 1916 2899 et
1938 2835 2016 2901 illud

313 2959 377 3002 non
414 2958 487 3002 raro
511 2938 578 3002 [leri
602 2958 704 3019 neque
739 2937 797 3001 hoc
830 2938 981 3022 exemplis
1006 2959 1115 3003 carere
1138 2939 1288 3004 videmus.
1333 2939 1378 3002 At
1401 2959 1456 3003 cur
1487 2936 1634 3017 hiantias,
1659 2936 1685 3001 si
1709 2937 1849 3005 Boeotus
1872 2950 1907 3006 et
1928 2941 2018 3006 Pam·

312 3045 416 3129 philus
453 3066 494 3109 ex
528 3066 624 3109 uxore
659 3044 800 3128 legitima
834 3045 900 3108 nati
925 3053 1025 3125 eraut,
1060 3044 1142 3110 filios
1173 3047 1205 3110 in
1227 3047 1409 3130 phratorum
1431 3044 1615 3109 societatem
1643 3043 1844 3110 introducere
1867 3046 2015 3135 noluitl⁴)

313 3153 358 3215 At
392 3152 458 3216 eius
482 3171 605 3234 quoque
639 3152 685 3215 rei
710 3171 804 3215 causa
828 3152 960 3234 cogitaui
983 3161 1099 3237 potest,
1124 3173 1216 3235 quam
1238 3153 1441 3232 inveniemus,
1465 3150 1493 3214 si
1514 3149 1556 3214 ad
1578 3169 1645 3213 rem
1667 3150 1761 3215 aliam
1783 3153 2012 3237 aggrediemur,

312 3258 352 3322 de
377 3277 438 3340 qua
460 3259 637 3342 ambigitur,
663 3263 761 3321 ulrum
785 3258 890 3321 dotem
913 3258 1084 3344 Plangonis
1108 3260 1245 3324 Martias
1268 3259 1431 3343 accepisse
1454 3256 1611 3343 putandus
1635 3257 1676 3322 sit
1698 3279 1809 3324 necne.

474 3364 595 3430 Scimus
618 3365 699 3429 eninr
723 3385 949 3449 saepenumero
972 3365 1077 3431 dotem
1100 3387 1220 3450 genero
1243 3386 1306 3430 nou
1329 3365 1477 3430 traditam
1497 3382 1578 3443 esse,
1602 3365 1660 3429 scd
1682 3387 1702 3430 a
1724 3386 1835 3431 socero
1858 3375 2012 3432 retentam

310 3493 420 3537 assuras
443 3469 643 3559 peperisse).
680 3475 786 3552 Atque
810 3481 882 3556 post
904 3481 1035 3537 mortem
1056 3472 1195 3538 hiantius
1223 3472 1361 3538 Boeotus
1385 3492 1454 3536 cum
1477 3492 1497 3534 a
1519 3469 1695 3535 Mantitheo
1718 3474 1949 3556 postulavisset,
1974 3483 2010 3538 ut

311 3580 372 3642 sibi
397 3586 430 3643 et
452 3580 541 3643 fratri
565 3580 716 3644 talentum
739 3599 779 3642 ex
802 3578 980 3645 hereditate
1003 3587 1137 3664 paterna
1160 3579 1243 3644 dotis
1266 3587 1427 3644 maternae
1449 3577 1574 3642 nomine
1597 3578 1773 3643 solveretur
1796 3578 1945 3665 (XL,3I),
1970 3582 2012 3645 ab

309 3687 429 3750 arbitro
467 3687 594 3771 publico
617 3686 761 3768 repulsus
784 3685 825 3749 ad
848 3686 968 3751 iudices
992 3706 1164 3768 provocare
1194 3687 1295 3750 noluit
1318 3684 1399 3767 (XL,
1425 3685 1476 3765 17,
1506 3683 1555 3764 19,
1580 3682 1623 3746 30
1646 3703 1713 3766 squ.
1736 3686 1790 3766 42,
1815 3685 1882 3772 55).
1921 3686 2015 3754 Haec

309 3794 492 3875 saepissime
527 3795 566 3857 nb
601 3802 726 3858 oratore
761 3814 879 3857 summa
914 3813 983 3858 cum
1021 3794 1135 3858 fiducia
1157 3801 1343 3875 repetuntur
1369 3802 1403 3856 et
1426 3789 1611 3857 testimoniis
1635 3791 1867 3875 confirmantur,
1892 3804 2014 3861 utnon

307 3897 399 3964 facile
423 3922 493 3966 eum
516 3903 678 3966 mentitum
701 3920 771 3964 esse
795 3901 964 3968 existimes.
1010 3899 1090 3981 Quin
1113 3901 1208 3965 etiarn
1231 3899 1430 3964 adversarius
1446 3918 1515 3962 cum
1538 3897 1616 3962 dicit
1639 3897 1792 3961 Mantiam
1815 3899 1906 3965 honis
1922 3900 2012 3967 Pam·

307 4006 385 4086 phili
419 4010 587 4089 publicatis
625 4029 665 4071 ex
689 4008 810 4073 aerario
837 4007 963 4091 publico
987 4010 1057 4093 plus
1080 4014 1205 4073 centum
1227 4007 1327 4070 minas
1350 4005 1433 4070 dotis
1455 4004 1526 4070 Ioco
1549 4004 1711 4086 accepisse
1745 4002 1824 4086 (XL,
1849 4006 1918 4091 20),
1942 4009 2015 4092 ipse

307 4112 412 4178 dotem
435 4125 605 4181 nunternnm
623 4116 762 4179 hlautiae
785 4135 846 4178 non
872 4134 941 4177 esse
965 4118 1097 4182 solutam
1114 4115 1238 4195 latetur,
1263 4121 1430 4194 numquam
1445 4110 1603 4193 Pamphili
1626 4111 1708 4175 bona
1731 4109 1858 4191 publica
1881 4114 2005 4181 fierent.

305 4219 418 4302 Neque
454 4224 537 4304 quod
561 4223 700 4287 Boeotus
736 4229 847 4303 postea
879 4241 919 4284 ex
949 4225 1070 4290 aerario
1100 4223 1252 4286 hiantium
1278 4219 1443 4303 pecuniam
1470 4240 1612 4302 magnam
1640 4216 1800 4281 rettulisse
1834 4223 2010 4304 contendit,

305 4329 374 4391 veri
408 4330 548 4411 speciem
582 4349 659 4412 prae
693 4351 728 4393 se
760 4328 829 4394 sert.
876 4329 974 4397 Putes
997 4332 1094 4415 igitur
1116 4329 1272 4414 Plangoni
1295 4349 1313 4391 a
1336 4331 1434 4410 patre,
1471 4346 1540 4390 cum
1563 4323 1703 4388 hlautiae
1727 4324 1868 4407 nuberet,
1902 4328 2009 4394 dotem

304 4435 438 4516 amplam
462 4456 531 4501 esse
550 4437 761 4518 constitutam,
785 4438 936 4502 hiantium
960 4459 1035 4503 vero
1057 4460 1095 4503 ea
1118 4457 1174 4521 spe
1192 4444 1322 4519 propter
1336 4433 1494 4517 Pamphili
1509 4431 1718 4497 calamitatem
1735 4451 1805 4496 esse
1821 4433 2010 4501 fraudatum.

323 4611 348 4678 1)
368 4611 447 4665 Jahn.
466 4630 526 4666 anu.
545 4614 632 4685 suppl.
653 4615 699 4678 IX,
718 4633 744 4685 p.
764 4614 816 4666 sto
837 4631 894 4684 squ.

320 4701 348 4765 2)
368 4702 404 4755 A.
424 4701 556 4766 Schaelen
576 4703 768 4758 Demosthenes
787 4703 830 4757 III
847 4705 878 4769 B,
897 4721 921 4775 p.
941 4705 1002 4769 219,
1022 4707 1216 4760 ZImmermann
1235 4704 1267 4758 de
1286 4703 1426 4757 nothcrum
1446 4702 1561 4756 Athenis
1580 4705 1737 4761 condIcione
1756 4725 1782 4778 p.
1805 4701 1846 4757 15·

320 4789 347 4858 3)
366 4792 515 4846 Buermann
534 4790 551 4844 l.
571 4791 588 4846 l.
608 4810 634 4862 p.
655 4791 715 4847 577.

318 4878 348 4944 4)
367 4898 391 4935 v.
410 4881 435 4934 d.
455 4881 500 4946 Es,
519 4881 552 4934 de
570 4882 626 4934 iure
646 4880 803 4936 familiarum
822 4901 848 4944 p.
870 4881 929 4937 107.

318 4969 344 5039 ὃ)
362 4971 505 5031 Hermann.
523 4971 625 5040 antiqu.
642 4988 752 5040 graecae
771 4971 810 5025 11⁸
829 4971 852 5040 l,
871 4989 897 5042 p.
916 4971 950 5024 67
968 4972 1028 5025 adn.
