4374 5610
1100 339 1277 405 ..10-

328 549 385 616 des
408 550 664 635 gegenwltrtigen
688 550 912 617 Machthabers
935 572 995 616 von
1019 551 1182 638 Mitylene,
1204 547 1430 635 rerwendet.*)
1492 549 1589 615 lurrno
1612 550 1805 616 Mantitheus
1827 551 1896 635 ipse
1930 550 2033 614 sein

327 657 457 722 bello
504 678 573 722 cunr
602 658 728 721 Aminia
761 658 875 722 milites
909 659 1107 740 conduxisse,
1145 659 1296 744 pecunias
1329 679 1398 724 cunr
1431 657 1559 722 aliunde
1593 665 1658 722 tum
1692 657 1853 741 Mytilenis
1877 657 2032 722 collectas

327 762 479 829 militibus
503 763 702 828 distribuisse
726 763 850 844 fatetur,
886 771 921 829 nt
943 764 1061 848 aliquid
1083 784 1142 851 pro
1165 765 1412 830 Atheniensibus
1434 772 1611 848 gereretur3
1648 764 1862 828 adversarium
1884 782 1975 844 vero,
1995 770 2034 828 ut

327 867 474 935 Gammae
481 868 700 954 Mytilenarum
717 870 841 955 tyranni
856 871 988 955 gratiam
1008 873 1069 936 sibi
1086 872 1279 954 conciliaret,
1296 872 1336 936 de
1351 872 1546 956 eapecnnia,
1563 871 1649 954 quod
1664 890 1683 934 a
1698 871 1828 935 civitate
1839 869 2034 954 Mytilenae·

326 978 474 1063 privatim
498 977 674 1042 Mantitbeo
698 978 772 1041 data
796 986 882 1042 esset
919 979 1002 1042 aeris
1025 978 1165 1042 Martiae
1188 979 1272 1064 patri
1293 979 1421 1064 publice
1444 976 1545 1042 debiti
1567 976 1692 1058 solutio,
1741 986 1818 1041 tuno
1851 977 1939 1040 litera
1973 975 2034 1040 sibi

327 1082 511 1150 intendisse.
539 1083 736 1148 Mantitbeus
759 1083 856 1167 igitur
878 1105 945 1148 eam
968 1085 1133 1169 pecuniam
1150 1085 1228 1149 dicit
1249 1103 1284 1149 se
1306 1085 1469 1169 aprivatis
1490 1083 1686 1169 reipublicae
1708 1103 1802 1150 causa
1818 1093 1981 1168 acceptam
2000 1083 2034 1148 in

326 1191 486 1277 publicum
524 1210 613 1254 usum
637 1189 816 1264 contulisse,
854 1190 994 1255 Boeotus
1033 1211 1102 1256 eum
1139 1191 1303 1276 pecuniam
1336 1191 1464 1276 publice
1497 1191 1581 1276 patri
1617 1190 1755 1255 debitam
1788 1210 1807 1253 a
1834 1190 2034 1274 Mytilenaeis

325 1299 471 1380 exegisse
494 1296 572 1360 vult.
619 1295 676 1375 Qui
701 1297 855 1379 quomodo
871 1295 1016 1361 Gammae
1031 1308 1165 1382 tyranno
1182 1298 1349 1363 obsecutus
1365 1299 1418 1376 sit,
1442 1317 1512 1362 eum
1527 1297 1605 1361 talia
1624 1297 1768 1375 iactaret,
1792 1317 1857 1360 non
1870 1314 2030 1378 assequor,

327 1425 431 1486 neque
449 1404 531 1467 enim
545 1403 640 1466 rideo
656 1403 732 1485 quid
750 1401 896 1467 Gammae
919 1404 1105 1486 interfuerit,
1129 1412 1231 1469 utrum
1254 1425 1293 1469 ea
1314 1405 1449 1489 pecunia
1464 1404 1640 1468 blantitheo
1658 1403 1895 1467 Atheniensium
1909 1403 2034 1468 nornine

327 1511 500 1595 aprivatis
524 1531 564 1573 an
587 1531 606 1572 a
629 1510 758 1573 civitate
782 1509 973 1595 Mytilenaea
995 1511 1143 1595 privatim
1166 1511 1269 1576 soluta
1291 1519 1385 1577 esset
1441 1510 1607 1576 Oratorem
1630 1510 1727 1593 igitur
1749 1510 1873 1594 tyranni
1899 1510 2035 1590 nomine,

325 1617 410 1700 quod
435 1616 680 1680 Atheniensibus
703 1617 736 1680 in
759 1616 832 1680 odio
855 1631 934 1697 erat,
958 1617 1086 1682 abusum
1111 1637 1181 1682 esse
1204 1618 1402 1699 crediderim,
1425 1626 1462 1683 ut
1483 1617 1697 1682 adversarium
1719 1617 1972 1681 calumniaretur.

486 1720 598 1804 Neque
621 1742 697 1786 vero
721 1742 790 1787 cunr
807 1720 976 1788 Schaelero
998 1725 1173 1789 existimem
1195 1724 1403 1789 Mantitheum
1430 1724 1558 1809 proprio
1575 1724 1678 1788 llarte
1693 1743 1762 1788 eum
1779 1723 1904 1786 Aminia
1919 1723 2035 1789 milites

326 1839 360 1896 et
382 1829 546 1914 pecuniam
570 1828 750 1912 collegisse,
783 1829 839 1892 sed
862 1831 995 1894 oratoris
1017 1831 1116 1894 verba
1141 1825 1189 1897 ὅτι
1211 1826 1270 1910 ἐγώ
1296 1825 1679 1915 στρατευόμενος
1701 1829 1755 1893 καὶ
1777 1823 1862 1912 parri
1878 1823 2037 1911 Ἀμεινίου

325 1930 541 2020 ξενολογήσας
574 1929 723 1999 ἄλλοθέν
749 1955 783 1997 τε
808 1931 954 2021 χρήματα
992 1930 1181 2023 εύπορήσας
1225 1936 1280 2002 καὶ
1317 1933 1355 2000 ἐκ
1386 1932 1578 2023 Μυτιλύνης
1598 1983 1606 1998 .
1624 1981 1654 2000 ..
1671 1986 1679 2001 .
1697 1928 1850 2022 ἀνήλωσα
1881 1933 1928 2006 εἷς
1962 1927 2037 2004 τούς

323 2036 523 2124 στρατιώτας
552 2041 668 2105 docere
689 2041 838 2105 videntur
859 2041 1068 2108 Mantitheum
1096 2044 1292 2128 reipublicae
1325 2045 1474 2109 mandato
1505 2064 1561 2108 eas
1594 2063 1646 2108 res
1679 2043 1827 2127 gessisse.
1886 2041 1930 2106 Et
1951 2040 2036 2124 quod

326 2147 463 2232 pecunia
485 2167 548 2211 non
571 2169 591 2211 a
613 2147 745 2212 civitate
768 2147 959 2233 Mytilenaea
982 2149 1038 2214 sed
1062 2171 1080 2213 a
1102 2151 1234 2234 privatis
1256 2153 1456 2236 suppeditata
1496 2150 1621 2233 dieitur,
1663 2149 1826 2234 Mytilenis
1858 2147 2036 2232 respublica

323 2254 424 2318 libera
450 2254 511 2316 iarn
534 2273 647 2318 eversa
668 2254 802 2335 videtur,
825 2255 858 2318 id
882 2255 965 2337 quod
987 2256 1095 2340 paullo
1117 2264 1192 2320 ante
1213 2278 1328 2322 annum
1351 2258 1545 2324 aelfestum
1567 2277 1637 2321 esse
1653 2251 1892 2341 accepimus.**)
1933 2251 2036 2331 Quare

324 2361 470 2444 quoniam
494 2361 555 2424 ianr
573 2381 655 2426 anno
672 2363 735 2426 ³47
754 2361 799 2424 ibi
815 2363 977 2446 imperinm
993 2363 1145 2447 populare
1161 2364 1339 2428 restitutum
1354 2365 1479 2440 scimus,
1510 2363 1718 2428 Mantitbeum
1734 2383 1802 2427 eam
1818 2382 1885 2426 rem
1900 2362 2037 2445 gessisse

323 2476 417 2552 pubes
437 2468 522 2531 inter
544 2488 642 2531 annos
666 2467 728 2532 351
755 2476 789 2531 et
811 2468 891 2554 349,
957 2469 1077 2533 Verum
1101 2471 1212 2533 eodem
1235 2470 1301 2534 sere
1323 2480 1464 2555 tempore
1497 2471 1630 2554 legimus
1664 2490 1734 2534 eum
1768 2468 1961 2533 taxiarchum
1995 2468 2038 2534 ad

323 2575 439 2639 bellurn
455 2573 627 2638 Euboicum
643 2595 714 2639 esse
729 2574 903 2659 profectum
920 2574 1089 2659 (XXXIX,
1118 2575 1185 2659 16):
1203 2577 1292 2658 φέρε,
1316 2575 1345 2642 εἰ
1362 2574 1397 2640 δι’·
1417 2578 1512 2664 δίκην
1532 2571 1727 2658 α’στρατείας
1747 2570 1873 2660 φεύγοι,
1907 2570 2040 2658 χορεύοι

323 2677 360 2744 δὲ
375 2677 455 2744 ὅταν
479 2677 719 2763 στρατεύεσθαι
745 2681 811 2765 dep,
833 2679 888 2744 καὶ
911 2677 970 2765 γαρ
992 2685 1062 2762 νῦν,
1101 2676 1154 2748 ὅτε
1181 2682 1228 2753 εἷς
1249 2678 1402 2764 Ταμύνας
1426 2683 1603 2770 παρῆλθον
1623 2683 1656 2746 oi
1678 2676 1785 2762 ἄλλοι,
1815 2675 1939 2748 ἐνθάδε
1963 2675 2040 2750 τούς

323 2784 403 2867 χόας
438 2783 523 2867 ἄγων
553 2779 743 2871 ἀπελείφθη
780 2785 834 2850 καὶ
867 2795 937 2862 τοῖς
960 2789 1144 2858 Διονυσίοις
1177 2789 1375 2869 καταμείνας
1408 2785 1571 2872 ἐχόρευεν,
1617 2785 1659 2864 οἷς
1688 2782 1830 2861 ἅπαντες
1860 2789 1981 2870 ἑωρᾶτε
2008 2785 2041 2850 οἱ

321 2888 564 2980 ἐπιδημοῦντες.
609 2884 833 2956 α’πελθύντονν
869 2893 896 2957 δ’
932 2890 968 2970 ἐξ
989 2888 1132 2973 Εὐβοίας
1154 2896 1215 2957 τῶν
1239 2900 1437 2976 στρατιωτῶν
1472 2893 1660 2970 λιποταξίου
1698 2891 1923 2980 προσεκλήθη,
1949 2883 2037 2973 κύματ’

322 3001 501 3081 ταξιαρχῶν
524 2999 581 3084 τῆς
605 2995 712 3083 φυλῆς
734 2994 968 3086 ἠναγκαζόμην
993 2991 1074 3061 κοτύ
1096 3001 1153 3064 τοῦ
1176 2992 1341 3081 ύνόματος
1362 3003 1420 3064 τοῦ
1442 2994 1584 3080 ἐμαυτοῦ
1611 2995 1778 3083 πατρόθεν
1793 3000 1953 3079 δέχεσθαι
1977 2994 2036 3084 τήν

320 3104 426 3192 λῆξιν.
496 3103 550 3169 Sic
584 3114 671 3169 certe
694 3107 804 3170 volunt
839 3107 1042 3190 interpretes;
1103 3104 1205 3170 locum
1232 3107 1389 3188 integrum
1411 3104 1575 3189 adscripsi,
1633 3104 1716 3187 quod
1740 3104 1818 3169 baec
1846 3104 1946 3168 verba
1972 3122 2035 3168 non

327 3229 397 3275 esse
421 3211 489 3274 eius
513 3211 567 3292 qui
589 3212 620 3274 ei
643 3211 728 3276 bello
745 3212 924 3276 interfuerit
938 3231 1118 3297 persuasum
1135 3213 1246 3276 habeo.
1293 3209 1398 3287 Quid?
1422 3213 1474 3295 qui
1497 3212 1567 3295 ipse
1582 3211 1763 3276 taxiarches
1779 3211 1864 3296 apud
1879 3210 2033 3295 Tamyras

323 3317 489 3381 tribulibus
512 3318 694 3401 praeluerit,
733 3341 803 3382 eunr
826 3328 860 3384 tu
883 3319 1043 3383 existimas
1067 3318 1190 3384 dicere:
1230 3312 1284 3383 ὅτε
1308 3317 1354 3389 εἷς
1379 3316 1533 3400 Ταμύνας
1557 3316 1735 3402 παρῆλθον
1764 3317 1808 3382 oi
1835 3311 1973 3383 ἄλλοι
2000 3322 2033 3380 et

318 3416 538 3487 α’πελθόντιον
562 3417 593 3486 δ’
615 3420 651 3492 it
666 3420 807 3507 Εὐβοίας
829 3427 883 3490 τώ
895 3447 913 3487 ν
937 3443 1013 3506 στρ
1026 3425 1248 3490 arroasia?
1282 3424 1361 3508 ligo,
1385 3424 1530 3506 quoniam
1559 3443 1614 3488 eos
1637 3425 1690 3505 qui
1712 3424 1806 3488 bellis
1827 3422 2033 3503 interfuerunt

316 3530 453 3614 gloriari
476 3531 581 3614 potius
606 3531 646 3594 de
670 3532 764 3595 rebus
791 3533 855 3596 suis
878 3552 970 3614 quarn
992 3539 1100 3595 tacere
1125 3531 1201 3612 scio,
1226 3531 1433 3596 Mantitheum
1448 3531 1600 3615 suspicor,
1626 3552 1694 3595 cunr
1711 3531 1891 3596 taxiarchus
1905 3536 2030 3595 meatus

320 3645 416 3717 esset,
454 3657 517 3700 non
540 3657 610 3701 eum
633 3639 775 3702 exercitu
798 3639 830 3702 in
855 3638 1017 3702 Euboeam
1040 3636 1147 3702 exisse
1170 3637 1228 3703 sed
1253 3658 1323 3702 cunr
1346 3637 1472 3701 Aminia
1494 3638 1527 3701 in
1550 3637 1669 3702 insulas
1702 3638 1828 3702 missurn
1862 3656 1942 3718 esse,
1980 3634 2036 3719 qui

319 3743 441 3807 milites
465 3751 499 3807 et
521 3745 672 3828 pecunias
695 3753 835 3828 cogeret.

1134 4077 1223 4188 ΙΙΙ.

483 4239 679 4304 Tlreoerines
703 4239 921 4323 Atheniensis,
946 4242 1056 4325 quiet
1087 4240 1339 4306 accusationibus
1374 4246 1407 4304 et
1441 4240 1653 4305 delationibus
1686 4248 1850 4322 quaestum
1885 4240 2033 4322 faciebat,

320 4347 493 4433 Epicharis
517 4348 678 4412 cuiusdam
700 4355 825 4432 patrem
848 4343 1046 4431 παρανόμων
1069 4355 1248 4413 accusatum
1272 4347 1380 4412 decem
1403 4345 1531 4411 talentis
1553 4345 1751 4426 multaverat,
1784 4367 1864 4432 quae
1887 4346 2032 4432 pecunia,

321 4474 390 4519 cunr
415 4454 447 4516 in
471 4464 614 4539 tempore
638 4453 742 4519 soluta
765 4473 828 4518 non
852 4460 946 4535 esset,
972 4453 1133 4539 duplicata
1155 4473 1242 4518 reum
1269 4453 1352 4518 omni
1385 4452 1495 4517 salutis
1529 4472 1587 4537 spe
1622 4452 1791 4520 deiecerat.
1850 4452 1963 4538 ltaque
1997 4459 2033 4518 ut

316 4560 534 4625 adversarium
557 4561 708 4625 rictorem
733 4559 953 4641 ulcisceretur,
991 4561 1137 4644 quoniam
1159 4560 1221 4645 ipsi
1247 4560 1281 4624 in
1303 4559 1419 4625 iudicio
1454 4579 1550 4643 agere
1576 4580 1639 4624 non
1673 4560 1734 4624 ianr
1769 4560 1895 4640 licebat,
1935 4560 2033 4625 lilium

319 4666 592 4731 adulescentulum
614 4667 759 4732 hortatus
783 4675 842 4748 est,
866 4673 902 4730 ut
915 4664 1125 4733 Theocrinem
1146 4672 1280 4751 peteret.
1327 4665 1445 4731 Verum
1468 4687 1571 4749 neque
1594 4687 1697 4751 poena
1720 4666 1800 4731 loris
1822 4673 1910 4730 tanto
1931 4665 2034 4731 dolori

356 4861 381 4930 *)
400 4863 436 4914 A.
456 4861 587 4926 Sohueier,
600 4861 792 4916 Demosthenes
812 4861 892 4915 llIB
911 4879 937 4933 p.
955 4859 1017 4917 223.

357 4948 403 5018 ”J
418 4950 452 5014 A,
472 4949 605 5008 Schaeler.
625 4950 819 5006 Demosthenes
837 4949 875 5005 1²
893 4968 919 5022 p.
937 4948 998 5016 480,
1015 4949 1058 5005 111
1077 4951 1100 5003 Β
1119 4967 1146 5021 p.
1164 4946 1227 5008 224„
