4374 5610
1131 414 1285 480 ...4-

356 616 452 695 lnisse
485 629 646 710 iacturum,
682 629 709 692 si
743 629 776 693 in
813 629 969 714 petitione
1003 639 1247 715 perseverasset
1292 629 1374 695 Nam
1410 631 1437 696 si
1460 631 1544 696 inter
1574 652 1629 696 eos
1653 643 1902 701 convenerat'ut
1924 643 2060 720 uterque

356 737 526 822 separatim
560 734 631 819 lege
669 744 789 820 ageret,
826 735 980 818 quomodo
1015 744 1141 821 pactum
1175 737 1273 802 violat
1306 738 1343 819 is,
1379 738 1433 820 qui
1468 738 1517 802 ius
1540 757 1628 803 suum
1651 741 1861 824 persequitur.
1908 740 2062 808 Nimirum

355 843 473 910 homini
496 842 732 927 religiosissimo
755 841 879 925 qualem
902 863 937 907 se
959 843 1070 908 haberi
1091 843 1169 925 vult,
1193 844 1219 908 si
1243 845 1382 926 vicisset,
1406 852 1529 930 partem
1544 843 1769 931 Olympiodoro
1793 847 1952 913 dimidiam
1975 849 2058 914 ultro

354 950 482 1016 tradere
504 949 636 1015 licebat!
682 948 860 1034 Propterea
893 970 969 1014 vero
993 950 1033 1014 de
1056 951 1124 1015 iure
1147 971 1204 1016 suo
1227 951 1352 1032 cedere,
1381 951 1465 1034 quod
1489 950 1573 1016 illius
1596 952 1709 1037 petitio
1732 954 1854 1020 reiecta
1878 962 1956 1035 erat,
1980 955 2057 1019 mibi

356 1057 520 1138 dementis,
544 1076 608 1121 non
630 1055 771 1138 religiosi
795 1056 920 1120 ridetur
943 1076 1022 1122 esse.
1067 1055 1169 1133 Quid?
1207 1060 1234 1122 si
1256 1057 1498 1145 Olympiodorus
1520 1079 1674 1144 praesens
1696 1060 1729 1124 in
1748 1061 1867 1127 iudicio
1890 1069 2057 1136 certasset,

354 1184 435 1247 quae
466 1170 594 1249 poterat
627 1162 666 1226 iis
700 1182 770 1226 esse
805 1162 1004 1227 consiliorum
1039 1165 1222 1244 communio,
1258 1185 1327 1229 cum
1350 1173 1404 1230 aut
1426 1163 1609 1230 Callistrato
1637 1172 1671 1230 et
1693 1164 1839 1252 Collippo
1876 1176 1931 1232 aut
1953 1166 2055 1254 Olym·

354 1270 488 1356 pindere
520 1276 575 1333 aut
609 1269 722 1333 tertiae
761 1268 882 1334 cuidam
916 1271 1000 1355 parti
1024 1271 1107 1336 bona
1130 1271 1340 1336 adiudicanda
1366 1271 1493 1336 essent?
1539 1270 1603 1336 Sed
1626 1270 1835 1355 Callistratus,
1868 1274 1994 1357 qualem
2017 1295 2058 1339 ex

357 1383 428 1441 tota
451 1395 547 1441 causa
570 1375 796 1459 cognoscimus,
819 1397 882 1441 non
905 1376 964 1441 suit
986 1377 1031 1442 ita
1046 1379 1202 1463 pactionis
1225 1379 1378 1462 religione
1401 1379 1581 1458 obstrictus,
1605 1387 1640 1443 ut
1662 1379 1736 1444 fidei
1759 1379 1854 1445 datae
1869 1381 2061 1446 verecundia

355 1484 484 1549 temitus
519 1481 712 1547 commodum
747 1502 835 1547 suum
873 1485 1151 1568 praetermitteret.
1199 1485 1310 1569 Neque
1339 1493 1447 1566 testes,
1482 1504 1560 1568 quos
1583 1481 1621 1570 (ἡ
1644 1484 1701 1567 39)
1726 1493 1759 1550 et
1781 1486 1911 1550 aliarum
1935 1494 1968 1551 et
1990 1487 2058 1552 eius

360 1591 407 1655 rei
430 1589 606 1675 pollicetur,
643 1589 752 1655 edidit.
797 1587 885 1665 Quae
908 1611 977 1656 oum
999 1591 1045 1656 ita
1068 1591 1140 1672 sint,
1164 1614 1184 1655 a
1205 1613 1282 1658 vero
1304 1613 1367 1658 non
1389 1594 1537 1658 aberrare
1560 1593 1635 1657 mihi
1667 1594 1788 1673 videor,
1812 1614 1881 1658 oum
1904 1602 2061 1661 oratorem

354 1712 394 1763 ea
428 1714 551 1781 quoque
587 1697 627 1759 de
650 1717 686 1761 re
723 1697 902 1782 turpissime
935 1700 1099 1764 mentitum
1124 1700 1205 1764 dico.
1252 1699 1408 1782 Equidem
1430 1697 1653 1781 Callistratum,
1677 1708 1844 1784 postquam
1874 1701 2059 1786 petitionem

355 1803 506 1883 defendit,
534 1802 567 1867 in
589 1803 706 1867 iudicio
730 1803 883 1869 cecidisse
907 1804 1060 1870 existimo.

514 1910 560 1973 At
580 1908 659 1974 nihil
683 1910 716 1973 in
751 1912 892 1976 oratione
916 1912 956 1975 de
978 1912 1114 1978 iudicum
1137 1913 1295 1978 sententia
1316 1913 1475 1977 iuvenitur
1503 1909 1535 1998 (ξ
1558 1911 1614 1977 26:
1639 1912 1869 1996 διαγραφείσης
1892 1908 1928 1976 δὲ
1945 1909 2061 1999 ταύτης

353 2013 390 2094 ἐξ
404 2009 548 2100 αὐιίγκης
559 2011 658 2095 κᾶμοὶ
671 1999 716 2101 ἡν
726 2011 871 2079 ἐκλιπεῖν
880 2011 939 2102 τὴυ
947 2019 1006 2082 τοῦ
1014 2014 1213 2104 ἡμικληρίου
1231 2015 1670 2107 ἀμφισβὴιηοιυ.γευυμέυυυ
1689 2016 1725 2084 δὲ
1733 2015 1853 2085 τούτων
1862 2017 2058 2089 ἐπεδίκασεν

353 2119 501 2209 ὁᾶρχωυ
518 2131 585 2198 τοῖς
609 2119 781 2192 ἄιπιδίκοις
798 2130 867 2195 τοῖς
894 2120 1060 2210 ἡμετέροις
1088 2121 1144 2191 cdv
1162 2125 1285 2214 κλῆρον
1308 2125 1364 2191 τόν
1389 2123 1548 2199 Κόνωνος.
1583 2129 1683 2193 ταῦτα
1704 2124 1763 2211 yde
1789 2129 1822 2195 οί
1846 2125 1942 2211 νόμοι
1959 2125 2056 2196 αὐτόν

351 2230 538 2324 ηὐοίγκαζου
572 2231 702 2318 ποιεῖν).
761 2235 967 2320 Magistratus
1004 2235 1090 2301 nullo
1123 2236 1240 2301 iudicio
1283 2235 1366 2302 iacto
1404 2238 1612 2303 hereditatem
1650 2237 1839 2302 adversariis
1877 2239 2057 2304 attribuisse

351 2354 507 2409 narratur.
554 2351 598 2409 At
619 2345 732 2409 iterum
755 2352 863 2408 orator
877 2345 1035 2423 mentitur,
1060 2343 1214 2426 siquidem
1237 2363 1312 2408 vere
1335 2364 1430 2429 supra
1463 2345 1619 2410 mendacii
1654 2346 1796 2430 coargui!
1836 2344 1915 2409 Nam
1938 2345 2057 2411 iudicio

353 2459 440 2518 certe
451 2473 530 2537 opus
546 2451 613 2534 fuit,
637 2450 969 2534 quoniamcomplures
999 2451 1053 2514 alii
1064 2451 1148 2514 bona
1163 2450 1315 2534 petivisse
1339 2448 1586 2537 dicuutur§20:
1616 2448 1671 2515 καὶ
1694 2447 1731 2515 ἐυ
1761 2447 1864 2535 τούτῳ
1889 2452 1936 2536 τῷ
1955 2454 2057 2536 καιρῷ

351 2552 480 2641 ἕτεροί
495 2580 578 2631 τινες
596 2554 713 2638 ἔλαχον
730 2558 788 2623 τοῦ
807 2552 931 2646 κλήρου
944 2559 1003 2621 τοῦ
1013 2553 1173 2636 Κόνωνος,
1192 2554 1247 2619 καὶ
1266 2552 1492 2633 ὁΚοίλλιππος
1510 2553 1721 2648 ἐπεδὴμνσευ
1739 2553 2055 2647 ἕκτὴςιίποδνμίος,

352 2666 372 2735 d
390 2665 468 2752 ἕμός
486 2664 629 2753 α’δελφός
647 2664 853 2751 ὁμοπάτριος.
873 2666 927 2731 καὶ
951 2651 1044 2740 οὗτος
1062 2663 1178 2748 ἔλαχον
1197 2660 1304 2738 etsie
1331 2670 1389 2731 τοῦ
1407 2665 1616 2756 ἡμικληρίου.
1636 2670 1656 2759 ἡ
1680 2677 1738 2739 23.-
1763 2668 1869 2737 διᾶπό
1897 2666 2058 2758 ἐξαίφνης

350 2772 612 2843 ἐπιπεπτωκέναι
641 2773 721 2863 ἡμῖν
741 2773 912 2852 πολλοῦς
929 2775 1004 2849 τούς
1022 2771 1316 2863 ἀμφισβητοῦντας.
1363 2783 1414 2844 An
1437 2779 1615 2866 Callippum
1649 2781 1775 2847 fratrem
1803 2784 1905 2867 ipsum
1932 2803 2057 2867 quoque

349 2912 392 2957 ex
436 2898 531 2976 pacto
564 2890 719 2974 petitione
763 2889 922 2953 destitisse
959 2888 1121 2974 putemus?
1176 2886 1277 2952 Vides
1315 2887 1470 2951 hominem
1503 2888 1686 2953 mendacem
1720 2890 1784 2953 suis
1816 2891 1919 2975 ipsum
1954 2888 2057 2975 plagis

353 2998 469 3063 teneri!
516 2995 628 3078 Neque
652 2996 833 3060 inocculto
856 3004 914 3077 est,
954 3016 1010 3061 our
1032 2995 1180 3058 mentitus
1214 2996 1264 3060 sit.
1309 2993 1389 3058 Nam
1413 2995 1440 3058 si
1462 2995 1531 3079 ipse
1565 2994 1727 3059 consessus
1753 3004 1839 3061 esset
1867 2997 1978 3061 eadem
2000 2995 2057 3060 lite

351 3103 544 3169 hereditaria
568 3123 603 3183 se
624 3102 742 3167 rictum
765 3123 845 3183 esse,
869 3123 931 3186 qua
953 3111 1065 3187 postea
1079 3100 1320 3186 Olympiodorus
1343 3101 1481 3181 vicisset,
1505 3100 1660 3183 quomodo
1683 3101 1839 3167 iudicibus
1862 3103 2053 3188 persuadere

358 3212 463 3297 potuit
478 3210 703 3296 Olympiodoro
726 3210 810 3274 bona
824 3230 930 3274 secum
953 3229 1023 3274 esse
1038 3208 1223 3294 partienda?
1260 3208 1310 3271 Δο
1331 3207 1358 3271 si
1381 3207 1450 3290 quis
1464 3206 1533 3271 fieri
1555 3227 1618 3272 uon
1632 3206 1726 3271 facile
1741 3209 1881 3292 potuisse
1897 3209 2055 3274 existimet

356 3327 392 3383 ut
415 3319 577 3401 quisquam
602 3317 642 3380 de
675 3319 770 3380 rebus
808 3325 871 3380 tam
895 3317 1014 3402 apertis
1036 3315 1156 3380 iudices
1188 3315 1336 3398 decipere
1360 3322 1536 3394 conaretm,
1559 3313 1586 3377 is
1611 3314 1719 3379 videat
1741 3334 1858 3397 quaeso
1881 3316 2054 3381 orationem

351 3426 384 3490 in
407 3424 613 3490 Zenothemin
647 3425 797 3508 scriptam
832 3421 891 3506 (or.
914 3421 1071 3506 XXXII).
1117 3421 1154 3485 ln
1178 3443 1249 3504 qua,
1288 3441 1358 3485 oum
1379 3419 1413 3484 in
1435 3418 1573 3484 Hermae
1595 3419 1657 3485 rol.
1678 3419 1804 3502 XXlll,
1843 3444 1874 3507 p.
1899 3423 1964 3488 202
1986 3442 2054 3505 squ.

353 3533 556 3619 disputarem,
580 3513 706 3596 fraudes
729 3530 782 3594 rel
804 3531 974 3614 iniquiores
996 3530 1154 3594 iuvenisse
1176 3529 1252 3592 mihi
1274 3526 1415 3591 videbar.

512 3637 586 3704 Non
607 3637 721 3703 iniuria
742 3638 864 3702 mireris
879 3636 1095 3723 Olympiodori
1118 3634 1361 3714 excusationem,
1385 3633 1412 3697 si
1435 3633 1561 3716 quidem
1583 3631 1673 3697 miles
1696 3633 1729 3697 in
1753 3635 1963 3698 Acarnaniam
1986 3654 2056 3720 pro

351 3746 453 3812 fectus
492 3754 569 3827 erat,
605 3767 624 3809 a
657 3745 812 3810 iudicibus
845 3744 1053 3830 improbatam
1088 3764 1168 3808 esse.
1215 3742 1258 3807 llt
1280 3742 1339 3806 suit
1361 3742 1415 3825 qui
1436 3741 1649 3827 suspicaretur
1672 3762 1741 3806 eum
1765 3741 1983 3826 „expeditioni
2005 3742 2053 3807 illi

351 3855 479 3920 omnino
501 3875 564 3918 uon
599 3854 789 3933 interluisse,
824 3851 881 3916 sed
905 3851 1041 3915 Athenis
1074 3858 1249 3915 morantem
1283 3849 1426 3915 consulto
1461 3868 1603 3913 cessasse
1638 3858 1672 3913 et
1706 3849 1941 3933 expeditionem
1969 3849 2055 3914 illam

353 3962 518 4027 dumtaxat
539 3955 822 4046 praetendisse.“¹)
868 3957 933 4022 Sed
955 3958 1063 4023 nescio
1096 3978 1169 4021 num
1203 3956 1272 4039 quis
1296 3955 1430 4022 Athenis
1453 3975 1511 4040 per
1533 3955 1654 4038 aliquot
1687 3974 1811 4019 menses
1834 3955 1936 4021 latere
1959 3975 2054 4040 seque

349 4069 392 4134 ad
425 4068 543 4132 bellum
576 4067 681 4130 exisse
715 4066 860 4130 simulare
895 4065 1042 4149 potuerit.
1088 4063 1342 4148 Olympiodorum
1371 4061 1506 4144 quidem,
1548 4063 1636 4127 ouius
1658 4059 1829 4126 interesset
1851 4081 1892 4126 ex
1915 4060 2052 4128 Cononis

349 4174 441 4239 bonis
475 4194 555 4257 quae
577 4173 738 4236 invaserat
769 4170 903 4236 fructum
933 4191 1023 4253 quam
1046 4171 1212 4235 maximum
1235 4191 1360 4255 capere,
1383 4189 1446 4233 uon
1469 4168 1650 4253 negaverim
1672 4176 1708 4232 ut
1730 4166 1798 4232 dies
1821 4167 1930 4233 iudicii
1954 4169 2055 4234 differ·

348 4288 438 4346 retur
473 4301 601 4365 operam
637 4279 773 4343 dedisse.
820 4275 883 4342 Sed
919 4277 1003 4360 quod
1026 4285 1137 4362 postea
1160 4276 1286 4358 accidit,
1319 4285 1354 4341 ut
1375 4275 1496 4340 reiecta
1518 4275 1745 4339 intercessione
1769 4273 1907 4340 Cononis
1930 4277 2057 4341 bonaa

349 4386 507 4452 iudicibus
542 4385 710 4451 heredibus
744 4384 814 4449 aliis
848 4385 1103 4465 attribuerentur,
1138 4383 1170 4447 id
1195 4384 1263 4448 sine
1287 4384 1385 4448 dubio
1408 4382 1642 4468 Olympiodoro,
1678 4381 1750 4464 quia
1778 4381 1965 4447 detrimento
1987 4403 2056 4466 gra·

347 4494 476 4559 'vissimo
510 4500 589 4573 erat,
625 4493 651 4557 si
675 4492 743 4557 lieri
778 4491 957 4557 ullomodo
993 4498 1129 4576 poterat,
1165 4489 1338 4555 cauendum
1364 4489 1433 4555 luit.
1479 4489 1577 4572 Atqui
1601 4487 1747 4571 quoniam
1769 4508 1914 4554 reversus
1936 4488 2055 4554 iudicio

348 4601 433 4683 vicit,
458 4600 600 4682 sequitur
622 4599 682 4664 nisi
705 4597 797 4664 fallor
819 4620 890 4664 eum
912 4599 939 4664 si
961 4618 1025 4664 non
1048 4599 1163 4684 optimo
1186 4604 1220 4662 at
1243 4606 1335 4662 certe
1358 4596 1464 4680 aliquo
1486 4595 1554 4660 iure
1578 4591 1715 4660 Cononis
1739 4594 1949 4661 hereditatem
1970 4597 2052 4680 peti·

346 4707 442 4773 risse.
490 4704 596 4783 Quid?
641 4707 694 4790 qui
729 4708 812 4771 bona
845 4706 920 4772 ilico
955 4703 996 4769 ad
1018 4724 1053 4769 se
1075 4712 1266 4791 perventura
1288 4710 1441 4788 speraret,
1476 4723 1545 4766 eum
1569 4709 1605 4766 tu
1627 4707 1720 4787 putas
1742 4701 1852 4767 fraude
1874 4701 2056 4786 turpissima

347 4835 473 4880 usumm
496 4813 592 4879 luisse
614 4822 650 4879 ut
672 4813 767 4878 dubio
791 4821 906 4877 eventu
922 4812 962 4877 de
984 4810 1214 4876 intercessione
1236 4807 1488 4895 periclitaretur?
1533 4807 1658 4874 Deinde
1681 4809 1708 4872 si
1730 4827 1803 4874 usus
1825 4817 1921 4888 esset,
1944 4807 2057 4873 adver·

343 4938 563 4952 »μαι-...ιιι-

366 5006 392 5078 1)
407 5010 499 5080 Rigor
515 5025 543 5080 p.
563 5008 604 5066 16.
