4374 5610
977 412 989 434 .,
1088 355 1268 420 -Ῑλ-

476 559 520 622 Δί
543 557 615 622 aliis
636 558 726 640 locis,
748 558 803 624 ubi
825 560 958 626 eandem
980 561 1142 632 formulam
1171 565 1402 653 expectaveris,
1424 583 1488 630 non
1503 571 1601 630 extat.
1638 562 1735 630 'l'ales
1750 564 1833 631 enim
1853 564 1940 632 locos
1960 572 2033 632 tres

315 659 457 728 Trenkel
479 663 635 732 adhibuit:
672 662 745 730 clu
768 663 794 733 I.
817 666 870 745 ll,
897 667 947 749 18,
972 669 1112 755 Boeckh,
1135 672 1183 740 tit.
1208 694 1281 738 nav.
1304 695 1336 759 p.
1362 671 1428 737 466
1455 677 1490 736 et
1516 668 1582 736 eat
1616 690 1684 755 squ.
1744 672 1790 737 Ae
1823 671 1896 758 lege
1930 671 2026 739 modo

321 765 589 856 Cephisophontis
612 771 834 858 populiscitum
849 772 926 854 (Tit.
949 796 1021 842 nav.
1036 776 1102 843 457
1119 797 1187 863 squ.
1215 814 1251 844 ι
1273 775 1347 843 chr
1362 776 1404 855 ΙΙ,
1420 775 1509 862 809).
1553 776 1603 842 11ιί
1625 776 1724 844 multa
1737 777 1826 844 varie
1839 779 2034 846 mundantur

316 875 357 941 ad
378 877 612 962 expeditionem
626 878 660 942 in
675 877 829 945 Hadriam
843 882 1026 966 parandum,
1051 893 1114 950 tum
1129 885 1273 971 pergitur
1293 885 1327 949 in
1349 884 1434 951 hunc
1454 882 1592 951 modum:
1618 877 1679 948 ἐάν
1702 884 1741 948 δυ’
1758 905 1805 956 τις
1826 878 1872 972 μὴ
1894 880 2031 974 ποη’σει,

315 974 365 1056 οίς
386 978 505 1048 ἕκαστα
528 986 767 1068 προστέτακται,
801 979 825 1075 ἢ
847 981 872 1052 ά
883 1011 900 1071 ρ
913 1011 1000 1070 xor
1023 983 1047 1081 ἢ
1071 985 1230 1071 ίδιάτη
1244 1012 1270 1072 ς,
1297 983 1381 1056 κατά
1399 985 1475 1058 τάδε
1495 984 1532 1055 τό
1554 985 1728 1080 ψήφισμα,
1755 982 1913 1076 ὀφειλέτω
1936 986 1955 1054 ὀ
1977 991 2026 1080 μή

315 1085 441 1176 ποήσας
461 1091 580 1174 μυρίας
603 1086 746 1173 δραχμὰς
769 1091 857 1180 ἱεράς
879 1096 918 1186 τῇ
941 1089 1075 1185 Ἀθηνᾷ,
1109 1096 1164 1164 καὶ
1188 1094 1208 1162 δ
1229 1093 1373 1172 εόδυνος
1394 1095 1449 1162 καὶ
1471 1095 1505 1161 οί
1530 1092 1690 1181 πάρεδροι
1714 1092 1896 1176 ἐπάναγκες
1922 1091 2031 1163 adrev

318 1189 634 1277 κατογιγνοσκόντων
655 1191 682 1286 ἢ
702 1193 793 1264 edroi
816 1193 1027 1287 ὀφειλόντων.
1084 1202 1187 1282 Qurdt
1208 1206 1288 1271 haec
1310 1205 1374 1272 dici
1395 1209 1545 1292 poterunt
1567 1201 1685 1269 delicta
1707 1210 1795 1270 certa
1818 1223 1880 1268 non
1917 1202 2026 1286 dubia,

319 1298 352 1364 in
376 1301 489 1384 quibus
511 1302 629 1369 iudicio
649 1324 711 1370 non
734 1325 814 1392 opus
836 1307 902 1373 siti
937 1309 1079 1378 Minime!
1107 1311 1209 1378 Ιτοοοε
1231 1312 1313 1378 alter
1335 1311 1414 1396 (Tit.
1436 1330 1508 1376 nav.
1532 1307 1613 1394 537)
1635 1315 1686 1375 est
1710 1308 2035 1392 senatusconsultum,

324 1426 393 1472 non·
410 1407 462 1472 lex
484 1417 540 1473 rut
561 1410 790 1496 populiscitum,
819 1415 902 1480 unde
924 1415 1017 1483 lacile
1040 1419 1226 1505 explicatur,
1250 1439 1306 1486 cur
1320 1414 1487 1495 ἐνδείξεως
1500 1415 1619 1482 mentio
1633 1416 1727 1483 absit.
1764 1416 1814 1481 De
1829 1417 1928 1482 tertio
1943 1416 2024 1498 loco,

322 1513 396 1597 quia
418 1514 544 1580 mutilus
567 1524 626 1597 est,
650 1525 797 1585 accurate
819 1519 951 1587 iudicari
977 1525 1097 1609 nequit

477 1620 600 1688 Deinde
614 1622 756 1690 'lhenkel
778 1626 839 1692 hoc
859 1648 959 1712 genos
982 1631 1160 1698 debitorum
1182 1633 1294 1697 abesse
1317 1629 1396 1696 dicit
1417 1627 1643 1695 aPatroclidis
1658 1629 1849 1715 populiscitu
1864 1629 1939 1694 anni
1957 1628 2028 1695 loe

317 1726 452 1811 (Andoc.
475 1727 501 1811 1,
527 1727 582 1814 ii)
605 1750 709 1813 neque
731 1732 772 1797 ab
795 1734 960 1802 Andocide
982 1740 1227 1820 commemorari,
1273 1759 1342 1805 cum
1365 1738 1406 1802 de
1428 1735 1605 1802 debitorum
1631 1735 1800 1820 generibus
1835 1736 2022 1822 disputaret

316 1834 424 1919 Atque
448 1836 630 1923 populisciti
653 1838 751 1904 verba
772 1840 851 1906 haec
874 1850 959 1908 sunt:
995 1842 1070 1930 περὶ
1094 1842 1130 1911 δὲ
1152 1847 1213 1908 τῶν
1234 1841 1514 1928 ἐπιγεγραμμένου
1537 1840 1584 1914 είς
1605 1838 1678 1911 τούς
1700 1837 1883 1926 πράκτορας
1904 1837 1929 1932 ἧ
1949 1837 2029 1914 rode

313 1945 431 2027 ταμίας
452 1943 509 2031 τῆς
530 1944 619 2008 θεοῦ
640 1941 694 2009 καὶ
716 1945 781 2011 τῶν
803 1941 913 2014 ἄλλων
934 1951 1025 2016 θεῶν
1048 1946 1147 2038 ἢτόν
1172 1951 1318 2034 βασιλέα,
1357 1944 1435 2072 {et
1464 1969 1511 2020 τις
1542 1943 1590 2034 μή
1624 1942 1797 2034 ἐξεγράφη,
1840 1949 1936 2032 μέχρι
1966 1932 2030 2040 της

304 2043 518 2134 ἐξελθούσης
539 2048 672 2139 βουλῆς,
698 2045 753 2134 ἐφ’
775 2035 816 2141 ἧς
831 2053 975 2126 Καλλίας
997 2039 1112 2139 η’ρχεν,
1135 2051 1207 2123 ὅσοι
1229 2051 1337 2139 άτιμοι
1359 2071 1442 2144 ησαν
1464 2048 1693 2142 ἤόφείλοντες
1709 2100 1823 2120 .....
1838 2048 2024 2138 ἐξαλεῖψαι.

315 2153 353 2220 In
376 2155 425 2221 his
447 2154 588 2221 Trenkel
611 2179 642 2241 p.
666 2157 732 2223 479
755 2179 865 2224 vocem
887 2154 1048 2247 ἐξεγράφη
1073 2163 1312 2250 interpretatur:
1353 2161 1544 2248 „inscriptus
1566 2161 1648 2241 eat“,
1688 2159 1742 2224 alii
1764 2169 1820 2224 aut
1853 2152 2023 2247 ἐπεγράφη

317 2270 373 2327 aut
394 2256 553 2346 ἐνεγράφη
578 2265 704 2329 restitui
727 2265 893 2332 iusserunt.
940 2263 1060 2343 Quodsi
1082 2270 1129 2335 ita
1151 2278 1210 2347 est,
1234 2291 1339 2337 nonne
1361 2270 1423 2335 hoo
1445 2288 1545 2353 genus
1567 2264 1665 2340 εἴτις
1687 2262 1734 2354 μη
1750 2260 1926 2352 ἐξεγράφη,
1952 2257 2029 2330 ὅσοι

316 2362 423 2449 ἄτιμοι
444 2352 532 2453 ἦσαν
554 2364 578 2460 ἢ
600 2363 790 2452 ὀφείλοντες
813 2392 869 2438 eos
891 2373 1120 2460 complectitur,
1159 2377 1212 2462 qui
1234 2378 1305 2462 ipso
1327 2376 1444 2442 delicto
1467 2375 1628 2440 debitores
1650 2373 1725 2439 facti
1748 2372 1865 2438 tabulis
1887 2391 1950 2437 non
1978 2371 2029 2435 in·

315 2476 424 2562 scripti
447 2485 531 2557 sunt,
555 2496 636 2561 quae
658 2486 709 2542 est
730 2477 916 2544 Theocrinis
938 2481 1083 2548 condicio
1106 2504 1147 2549 ex
1169 2481 1363 2549 accusatoris
1385 2481 1568 2548 sententiat

476 2579 564 2657 Quae
588 2602 657 2646 com
680 2583 725 2647 ita
747 2584 820 2665 sint,
857 2585 1012 2652 Boeokhii
1035 2589 1076 2653 de
1111 2589 1171 2656 bac
1203 2590 1277 2674 lege
1310 2589 1456 2656 doctrina
1489 2588 1606 2653 mihis
1628 2585 1801 2652 Trenkelio
1824 2605 2022 2669 nequaqnam

315 2687 452 2753 refutata
461 2687 596 2753 ridetur.
642 2687 746 2753 Unum
757 2690 818 2756 hoo
829 2693 970 2757 concedo
991 2704 1147 2760 oratorem
1159 2696 1192 2760 in
1211 2695 1578 2762 Theocrineacousando
1591 2693 1686 2758 variis
1708 2693 1756 2757 uti
1769 2692 1963 2776 ambagibus,
1987 2698 2023 2756 ut

314 2797 416 2884 ipsum
438 2796 497 2860 iuri
520 2815 576 2859 suo
599 2795 743 2861 diffidere
771 2798 950 2885 suspiceris.
1007 2799 1088 2867 Nam
1109 2802 1202 2869 initio
1226 2804 1324 2868 verba
1346 2803 1468 2869 modica
1491 2802 1632 2881 adhibet,
1653 2799 1742 2866 velut
1764 2795 1784 2885 ξ
1807 2799 1841 2866 6:
1870 2797 1957 2882 φημὶ
1981 2792 2026 2883 dp*

317 2902 398 2970 κατά
437 2898 555 2988 ταύτην
588 2899 644 2990 τὴν
675 2899 810 2979 ἔνδειξιν
841 2900 955 2984 ἔνοχον
991 2894 1075 2973 είναι
1108 2910 1292 2995 Θεοκρίνην
1324 2909 1370 2998 uqi
1403 2905 1556 2999 φήναντα
1589 2909 1732 2971 Μίκωνα
1765 2903 1949 2990 Χολλείδην
1980 2901 2027 2991 μῆ

316 3007 522 3090 ἐπεξελθεῖν,
537 3003 615 3072 ἀλλ’
632 3003 781 3095 ἀργύριον
797 3007 936 3094 λαβόντα
952 3005 1145 3078 duetorem
1165 3007 1202 3079 τό
1225 3014 1366 3096 πρᾶγμα.
1412 3014 1432 3102 ξ
1458 3016 1499 3081 10
1521 3009 1569 3082 ὅτι
1592 3006 1666 3077 δὀὀ
1687 3019 1757 3087 ταῖς
1779 3009 1898 3093 χιλίοις
1922 3007 2026 3092 μόνον

315 3113 428 3196 ἔνοχός
450 3111 525 3180 ἐστι.
580 3114 600 3204 5
627 3118 667 3183 12
690 3110 798 3180 άδικεί
818 3115 941 3190 πάντας
961 3115 1048 3199 ὑμᾶς
1071 3116 1125 3185 καὶ
1150 3118 1280 3191 δικαίως
1302 3114 1432 3205 ὀφείλει
1452 3116 1507 3195 τὰς
1529 3119 1645 3200 χιλίας.
1703 3115 1824 3205 Tum§
1850 3120 1891 3185 14
1913 3151 1958 3164 -
1981 3115 2023 3182 ³8

316 3224 404 3288 varie
426 3225 551 3289 incusat
572 3224 782 3290 Theocrinem
804 3224 845 3289 de
867 3226 972 3305 rebus,
1011 3247 1091 3308 quae
1113 3227 1154 3291 ad
1182 3228 1264 3292 hanc
1299 3247 1423 3292 causam
1457 3248 1521 3293 non
1554 3227 1730 3313 pertinent;
1768 3223 1788 3312 ξ
1822 3227 1866 3291 45
1901 3226 2021 3291 demum

320 3329 530 3397 Theocrinem
553 3329 722 3412 insimulat,
746 3331 841 3414 quod,
865 3351 1049 3414 quamquam
1072 3334 1194 3399 aerario
1216 3334 1381 3418 pecuniam
1403 3335 1528 3414 debeat,
1552 3333 1632 3399 alios
1654 3353 1725 3397 reos
1741 3332 1848 3397 lacere
1863 3351 1955 3397 ausus
1969 3329 2019 3394 sit

241 3468 248 3485 ·
318 3436 415 3514 Quam
432 3459 497 3502 rem
513 3458 569 3503 cur
584 3445 690 3502 orator
712 3445 774 3502 tam
798 3438 852 3502 diu
874 3438 1046 3519 reticuerit,
1069 3439 1198 3522 ignor03
1223 3441 1451 3507 existimaveris
1467 3459 1543 3505 vero
1559 3460 1696 3521 causam,
1719 3438 1820 3521 qualis
1842 3439 1894 3504 hic
1907 3435 2020 3520 agitur,

316 3557 352 3613 ut
372 3547 451 3630 quis,
487 3545 572 3629 quod
594 3544 697 3628 legem
721 3545 875 3626 quandam
897 3545 1057 3627 violasset,
1087 3545 1173 3611 nulla
1195 3547 1331 3613 iudicum
1354 3547 1513 3612 sententia
1536 3546 1662 3611 debitor
1683 3544 1829 3631 publicus
1852 3544 2020 3624 diceretur,

321 3655 374 3718 rel
398 3653 531 3717 Athenis
554 3651 711 3717 insolitam
733 3650 837 3715 fuisse.
896 3653 1003 3736 Atque
1026 3652 1058 3716 id
1082 3660 1189 3719 orator
1223 3653 1292 3741 ipsc
1327 3655 1501 3720 concedere
1534 3653 1669 3732 videtur,
1709 3673 1777 3717 curn
1811 3650 2025 3716 adversarium

317 3760 511 3827 refellit
533 3758 690 3823 dicentem
705 3759 857 3823 neminem
875 3758 935 3824 nisi
948 3759 1063 3824 tabulis
1075 3760 1258 3848 inscriptum
1275 3762 1398 3827 aerario
1414 3761 1540 3843 debere,
1557 3759 1590 3825 id
1606 3759 1690 3843 quod
1706 3777 1798 3824 nemo
1813 3758 2026 3843 praetendere

318 3876 454 3955 poterat,
478 3867 505 3931 si
528 3866 653 3950 saepius
669 3865 803 3929 Athenis
825 3874 1025 3931 accusatores
1048 3867 1151 3932 causis
1174 3867 1327 3933 similibus
1349 3867 1509 3934 vicissent
1558 3867 1686 3932 Dixeris
1712 3885 1782 3930 eam
1804 3864 1920 3948 legem,
1944 3884 2024 3948 quae

317 3978 442 4040 iuberet
465 3973 567 4037 civem
589 3992 807 4054 nonnunquam
831 3972 901 4057 ipso
925 3973 1042 4037 delicto
1065 3973 1241 4039 debitorem
1263 3974 1423 4060 publicum
1445 3973 1523 4056 fieri,
1553 3973 1648 4039 latam
1671 3970 1771 4057 magis
1793 3971 1835 4036 ad
1860 3971 2025 4037 terrendos

316 4083 472 4148 hominnm
496 4080 715 4144 effrenatorum
738 4080 867 4158 animos,
895 4100 986 4162 quam
1006 4088 1133 4145 strenue
1148 4080 1320 4145 adhibitam
1336 4101 1421 4164 esse;
1449 4089 1513 4146 tum
1528 4101 1605 4145 vero
1621 4086 1777 4144 oratorem
1793 4078 2026 4158 exacerbatum,

317 4191 404 4256 cuius
427 4208 490 4252 non
505 4186 605 4251 solum
619 4184 771 4267 fortunae,
794 4186 852 4251 sed
867 4187 962 4250 etiam
980 4194 1078 4251 honos
1093 4195 1126 4251 et
1142 4187 1279 4270 dignitas
1294 4208 1405 4253 eversa
1421 4195 1536 4269 essent,
1560 4195 1596 4252 ut
1611 4186 1766 4251 homiuem
1781 4185 2025 4250 inimicissimum

316 4297 458 4383 graviter
478 4293 596 4374 feriret,
636 4312 728 4375 quem
749 4300 861 4377 petere
883 4292 977 4358 aliter
1002 4313 1065 4358 non
1088 4294 1253 4379 potuisset,
1293 4293 1335 4359 ad
1357 4293 1460 4380 legem
1483 4293 1572 4378 quasi
1594 4292 1768 4357 obsoletam
1804 4287 2025 4375 contumacem

477 4398 568 4476 Quod
591 4407 737 4484 superest
758 4419 869 4464 moneo
893 4420 962 4464 enm
985 4400 1098 4480 locum,
1122 4421 1184 4482 quo
1206 4407 1314 4466 orator
1335 4402 1405 4487 ipse
1427 4403 1530 4485 legem
1553 4400 1789 4484 interpretatur,
1817 4397 2025 4464 aTrenkelio

316 4511 418 4576 minus
439 4515 527 4573 recte
549 4506 696 4590 intellegi
735 4503 833 4590 §492
867 4499 977 4588 ὥσπερ
1000 4502 1086 4587 άμᾶς
1108 4501 1331 4596 άγυοήσοντας
1352 4505 1409 4573 τόν
1429 4504 1545 4588 νόμον,
1582 4497 1619 4578 ὃς
1641 4500 1787 4588 ὀφείλειν
1810 4499 1935 4568 κελεύει
1960 4497 2025 4571 c'n'

316 4615 444 4701 ἐκείνης
472 4615 532 4700 τῆς
559 4609 692 4699 ἡμέρας,
730 4606 785 4694 άφ
807 4595 847 4701 ἧς
873 4605 913 4676 ἂν
935 4605 1021 4698 ὅφλη
1055 4610 1235 4703 η’παραβῇ
1260 4607 1315 4677 τόν
1341 4610 1442 4697 νόμον
1470 4609 1491 4702 ἢ
1531 4609 1567 4677 τό
1602 4609 1770 4697 ψήφισμα,
1813 4607 1837 4701 ἢ
1870 4607 1908 4680 ot
1944 4612 2028 4675 πᾶσι

317 4722 418 4811 δῆλον
441 4716 478 4789 ὂν
501 4714 552 4785 ὅτι
574 4718 746 4799 πολλαχῶς
769 4715 824 4781 καὶ
849 4714 1022 4802 ὀφείλουσι
1042 4723 1087 4806 τῷ
1110 4720 1257 4805 δημοσίῳ
1272 4716 1328 4783 καὶ
1350 4714 1528 4786 ἐκτίνουσιν
1550 4719 1584 4783 οἱ
1604 4716 1802 4802 βουλόμενοι
1820 4723 1888 4790 τοίς
1913 4713 2027 4799 νόμους

317 4830 510 4906 πείθεσθαι,
541 4824 595 4890 καὶ
617 4822 702 4889 τοῦτ’
724 4822 761 4902 ἐξ
783 4819 888 4894 αότοιί
905 4827 964 4891 τοῦ
987 4822 1092 4907 νόμον
1116 4827 1226 4914 δῆλον.
1288 4825 1341 4891 Ad
1363 4827 1444 4892 haec
1465 4827 1606 4893 Trenkel
1628 4849 1658 4913 p.
1684 4826 1763 4893 474:
1804 4825 1929 4906 „Wenn
1963 4845 2025 4892 von

353 4969 380 5039 “)
398 4970 432 5025 cl.
453 4967 834 5040 Meter-Schoemrnn·Lipsius
851 4969 885 5024 do
902 4967 952 5023 lite
969 4973 1018 5024 stt
1036 4984 1064 5040 p.
1082 4965 1144 5034 915,
1163 4966 1327 5024 Rohdewsld
1346 4984 1434 5040 progr.
1452 4968 1657 5041 Burgstelniurt
1679 4965 1747 5025 ¹⁸⁷8
1764 4983 1790 5037 p.
1812 4965 1854 5021 ll.
