4374 5610
1023 376 1177 443 ..6.-

244 588 440 669 defenderet,
476 589 717 676 Olympiodorus
740 588 953 654 dissimulasse
987 588 1113 656 videtur
1134 589 1287 655 bonorum
1315 588 1525 674 partitionem
1572 587 1638 652 Iam
1666 588 1744 672 quid
1766 586 1869 669 tuerit,
1894 608 1962 653 cur·

244 695 446 762 Callistratus
469 718 508 762 ea
529 697 694 763 mendacia
717 697 832 762 tacitus
856 696 963 779 ferret,
987 699 1014 763 is
1036 695 1153 762 frustra
1175 703 1317 781 quaeret,
1353 695 1407 779 qui
1429 695 1531 780 ipsum
1553 714 1678 779 quoque
1702 694 1805 760 denuo
1827 696 1952 761 heredi·

243 810 341 869 tatem
364 805 516 890 petivisse
539 804 777 869 existimaverit.
822 801 905 868 Nam
931 805 959 869 si
980 804 1050 890 ipse
1073 803 1192 889 petitor
1214 801 1384 884 extitisset,
1419 821 1537 867 summo
1571 821 1670 888 opere
1692 800 1957 887 Olympiodorum

245 910 417 991 confutare,
442 917 541 975 testes
566 911 670 976 editos
694 912 883 976 convincere
906 910 1055 995 oportuit,
1080 909 1197 994 quippe
1220 909 1308 974 cuius
1330 909 1399 973 iura
1421 907 1474 974 vel
1496 907 1629 973 maxime
1652 907 1685 972 in
1709 907 1836 972 dubium
1859 928 1952 974 voca·

244 1027 363 1110 rentur,
387 1019 413 1082 si
430 1019 500 1101 quis
516 1017 772 1103 Olympiodorum
787 1024 861 1102 post
881 1014 1019 1082 Cononis
1040 1023 1172 1082 mortem
1195 1017 1286 1082 bonis
1309 1017 1453 1081 omnibus
1468 1015 1611 1100 potitum,
1636 1015 1737 1100 ipsum
1754 1015 1950 1081 concessisse

241 1125 408 1209 probabat
448 1124 497 1189 Et
519 1124 676 1189 mehercle
693 1124 887 1190 concessisse
902 1123 1060 1209 putandus
1076 1129 1135 1204 est,
1163 1123 1217 1206 qui
1233 1123 1356 1188 domum
1371 1121 1530 1204 conduxit,
1555 1123 1608 1204 qni
1623 1122 1774 1207 pecunias
1789 1123 1830 1187 ab
1846 1121 1960 1207 Olym·-

242 1230 376 1316 piodoro
400 1239 522 1296 mutuas
545 1232 687 1316 sumpsit.
734 1230 896 1295 Verumsi
919 1228 1102 1295 Callistrato
1124 1230 1158 1295 in
1180 1229 1297 1295 iudicio
1320 1229 1405 1295 victo
1428 1229 1490 1315 ipsi
1513 1236 1624 1314 petere
1646 1249 1711 1294 non
1733 1229 1794 1294 iam
1817 1229 1951 1307 licebat,

243 1337 335 1403 facile
358 1338 562 1421 intellegitur,
580 1358 635 1402 cnr
657 1337 873 1424 Olympiodori
896 1337 951 1401 vel
973 1337 1137 1402 mendacia
1159 1336 1326 1418 adiuverit,
1350 1337 1403 1419 qui
1427 1337 1468 1401 ab
1492 1356 1530 1401 eo
1553 1336 1580 1401 si
1603 1343 1785 1422 superasset
1807 1335 1951 1419 aliquan·

243 1451 308 1507 tum
330 1444 552 1530 impetraturus
575 1445 636 1509 sibi
658 1444 830 1509 videretur.

318 1534 323 1544 ’
402 1550 467 1615 Iam
495 1571 571 1616 vero
605 1552 665 1616 viri
699 1552 786 1617 docti
809 1551 896 1616 dubii
921 1552 1064 1630 haerent,
1099 1569 1161 1633 qna
1187 1551 1240 1614 via
1261 1569 1336 1615 usus
1358 1548 1600 1635 Olympiodorus
1623 1548 1821 1615 adversarios
1843 1548 1877 1612 in
1899 1549 1958 1613 ius.

241 1658 412 1724 vocaverit.
446 1655 533 1733 Quae
556 1666 622 1723 tres
644 1659 811 1744 patebant:
834 1656 908 1743 δίκη
933 1657 1233 1740 ψευδομαρτυριῶν,
1246 1648 1302 1742 τὴν
1320 1652 1438 1743 ἔρημον
1453 1651 1650 1736 ἀντιλαχεῖν,
1668 1651 1868 1739 ustazares
1885 1655 1949 1718 τῶν

242 1757 576 1850 ἕπιδεδικασμένων.ῑ)
623 1765 755 1849 Singula
789 1786 948 1852 exponere
981 1769 1101 1848 omitto,
1129 1767 1204 1851 quia
1225 1768 1325 1833 omnis
1360 1768 1515 1834 dubitatio
1537 1767 1640 1832 inanis
1663 1787 1735 1833 esse
1757 1769 1831 1833 mihi
1853 1771 1943 1837 vide-

242 1884 301 1944 tur.
346 1874 427 1940 Nam
449 1876 517 1942 sive
540 1873 789 1941 adversariorum
813 1880 912 1938 testes
936 1876 1005 1958 quis
1021 1875 1287 1940 condemnaverat
1304 1875 1449 1941 siveram
1471 1876 1504 1940 in
1528 1875 1753 1940 contumaciam
1775 1875 1949 1943 iudicatam

241 1983 426 2063 resciderat,
465 1984 621 2069 petitione
658 1981 774 2046 iterata
819 1981 852 2045 in
887 1981 991 2045 causis
1027 1981 1228 2046 hereditariis
1267 1989 1355 2047 certe
1394 1982 1503 2065 utique
1541 2002 1620 2067 opus
1657 1981 1754 2048 luisse
1791 1984 1954 2074 videtum)

241 2085 478 2177 (πρόσκλησις).
524 2088 733 2167 Quamobrem
780 2087 908 2152 dubium
931 2107 994 2152 non
1018 2096 1067 2153 est
1090 2089 1164 2172 quin
1189 2088 1432 2174 Olympiodorus
1461 2090 1521 2155 hac
1543 2089 1669 2155 actione
1693 2110 1766 2155 usus
1789 2091 1841 2175 sit,
1868 2093 1950 2160 illud

242 2200 411 2283 quaeritur,
448 2220 521 2262 num
551 2207 606 2262 aut
635 2193 931 2278 ψευδομαρτυριῶν
951 2193 1024 2280 δίκῃ
1061 2205 1115 2263 aut
1141 2189 1308 2284 ἁντιλήξει
1329 2217 1410 2280 quae
1434 2197 1550 2262 dicitur
1572 2197 1625 2261 via
1647 2198 1820 2282 aperienda
1842 2199 1945 2267 fuerit,

240 2302 310 2382 Qua
333 2306 373 2370 de
397 2326 432 2370 re
455 2326 524 2370 cum
548 2312 654 2370 orator
676 2311 791 2385 taceat,
828 2305 908 2370 certi
930 2304 1008 2368 nihil
1031 2304 1096 2369 dici
1118 2306 1246 2390 poterit,
1270 2323 1455 2387 quamquam
1479 2324 1560 2385 eum,
1596 2303 1683 2369 cuius
1705 2299 1880 2384 ὕπωμοσία
1914 2309 1952 2374 in

240 2412 359 2478 iudicio
383 2413 562 2492 cecidisset,
586 2412 640 2475 vix
664 2411 838 2476 credideris
859 2411 894 2475 in
916 2411 1124 2476 hereditatem
1147 2411 1249 2496 ipsam
1269 2411 1345 2476 ilico
1368 2410 1456 2474 litem
1479 2410 1646 2476 intendere
1669 2413 1850 2500 potuisse.⁸)

400 2518 515 2584 Restat
530 2525 566 2583 ut
577 2519 618 2583 de
634 2519 768 2603 pecunia
791 2518 924 2601 quadam
948 2538 1193 2600 commemorem,
1218 2537 1299 2602 quae
1315 2516 1432 2583 oratori
1454 2516 1588 2583 maxime
1605 2537 1699 2585 curae
1720 2520 1950 2606 videturesse,

241 2627 328 2692 ouius
351 2626 536 2712 saepissime
555 2626 744 2690 mentionem
766 2624 842 2689 facit
870 2619 904 2710 (ξ
924 2624 973 2706 19,
992 2625 1045 2706 20,
1063 2624 1116 2706 34,
1133 2624 1187 2706 35,
1211 2623 1280 2710 37).
1326 2622 1406 2689 Erat
1421 2623 1502 2688 enim
1524 2623 1608 2689 inter
1631 2645 1750 2708 servos,
1774 2627 1828 2711 qui
1844 2627 1951 2714 Olym·

242 2734 374 2820 piodoro
409 2734 604 2798 obvenerant
640 2752 681 2797 cx
704 2728 842 2796 Cononis
877 2730 1065 2813 hereditate,
1101 2731 1266 2797 Moschion
1301 2730 1437 2815 qnidam,
1473 2730 1526 2814 qui
1550 2728 1687 2798 Cononis
1720 2733 1804 2799 senis
1832 2734 1948 2803 fiducia

241 2842 357 2906 abusus
381 2839 572 2923 aliquantum
595 2839 749 2924 pecuniae
772 2838 976 2923 surripuerat.
1011 2840 1061 2903 Ac
1083 2839 1216 2924 primum
1239 2836 1365 2921 quidem
1389 2837 1557 2902 drachmae
1579 2838 1676 2920 mille,
1701 2840 1819 2905 deinde
1842 2843 1947 2909 minae

240 2948 444 3033 septuaginta
478 2947 563 3032 apud
598 2967 667 3011 eum
702 2946 852 3010 inventae
886 2952 969 3012 sunt.
1013 2945 1156 3010 Illarum·
1175 2944 1416 3030 Olympiodorus
1451 2951 1608 3029 expecto
1642 2953 1764 3030 partem
1788 2949 1952 3015 dimidiam

241 3053 424 3119 Callistrato
447 3054 632 3135 tradiderat,
656 3053 723 3132 has,
749 3072 817 3116 curn
839 3052 923 3117 idem
938 3051 1044 3118 facere
1065 3051 1238 3116 identidem
1260 3050 1436 3116 admonitus
1458 3057 1597 3116 moratus
1619 3059 1714 3134 esset,
1738 3055 1784 3120 ita
1806 3057 1951 3140 retinuit,

238 3162 274 3227 u't
296 3181 337 3225 ne
361 3160 551 3225 adversariis
575 3159 702 3243 quidem
724 3159 936 3239 traderentur,
974 3179 1042 3225 cum
1064 3158 1289 3245 Olympiodoro
1323 3158 1456 3223 absente
1479 3155 1618 3224 Cononis
1641 3160 1733 3226 bonis
1756 3164 1946 3247 potirentur.

238 3266 330 3333 Nunc
345 3287 421 3333 vero
441 3264 649 3346 Callistratus,
667 3266 754 3330 cuins
770 3265 871 3330 oratio
886 3265 1051 3351 plurimum
1064 3265 1148 3331 circa
1171 3285 1226 3330 eas
1245 3272 1400 3347 versatur,
1424 3264 1532 3329 dicere
1546 3265 1673 3331 videtur
1691 3269 1719 3333 si
1744 3289 1806 3335 non
1827 3270 1953 3336 heredi·-

237 3375 312 3441 tatis
347 3381 382 3439 at
415 3382 503 3439 certe
538 3394 644 3438 earum
678 3373 832 3437 minamm
868 3372 1074 3457 septuaginta
1108 3371 1268 3437 dimidium
1297 3371 1396 3437 adse
1419 3371 1588 3457 pertinere.
1635 3371 1728 3449 Quod
1752 3395 1814 3459 qua
1836 3376 1946 3461 specie

238 3483 299 3547 sibi
322 3483 464 3546 vindicet
486 3482 513 3545 si
537 3481 671 3564 quaeris,
694 3478 749 3544 alii
772 3478 837 3544 alia
856 3479 1126 3565 excogitaverunt,
1149 3478 1225 3543 mihi
1247 3479 1308 3544 hoc
1329 3477 1430 3543 visum
1452 3485 1512 3542 est,
1550 3475 1651 3565 Supra
1676 3480 1743 3545 dixi
1765 3483 1950 3567 pactionem.

237 3591 347 3655 initam
381 3608 451 3653 esse
485 3589 518 3652 in
551 3589 585 3651 id
609 3594 742 3672 tempus,
778 3586 882 3670 quoad
904 3606 956 3650 res
983 3585 1120 3651 iudicum
1143 3586 1305 3651 sententia
1327 3584 1569 3649 discerneretur.
1616 3584 1664 3651 llo
1687 3593 1830 3672 tempore
1852 3608 1886 3653 se
1909 3595 1946 3653 et

237 3719 299 3761 una
333 3695 529 3779 quaesituros
553 3694 579 3759 si
603 3693 679 3776 quid
700 3692 852 3758 bonorum
874 3693 991 3757 lateret
1013 3698 1047 3758 et
1069 3692 1209 3758 consiliis
1244 3691 1458 3758 communibus
1481 3710 1591 3772 usuros
1620 3694 1707 3777 pacti
1729 3703 1831 3761 erant.
1877 3695 1948 3761 Iam

238 3803 384 3887 quoniam
417 3802 552 3888 pecunia
585 3801 641 3866 illa
674 3808 803 3886 reperta
838 3807 897 3881 est,
933 3805 1101 3883 antequam
1134 3819 1186 3864 res
1220 3798 1261 3864 ad
1287 3799 1409 3865 iudices
1431 3800 1624 3884 perveniret,
1662 3820 1699 3863 ea
1723 3801 1763 3865 de
1786 3821 1882 3867 causa
1904 3824 1952 3868 ea

236 3910 384 3996 pactione
420 3908 579 3973 dimidium
614 3907 727 3992 poscit,
773 3906 961 3991 praesertim
997 3925 1065 3970 oum
1100 3905 1341 3992 Olympiodorus
1376 3925 1446 3970 eam
1476 3907 1643 3990 pecuniam
1677 3927 1717 3971 ne
1746 3928 1782 3972 re
1804 3908 1946 3975 iudicata

239 4017 364 4100 quidem
387 4015 577 4080 adversariis
600 4013 740 4078 solverit.
786 4012 824 4077 Id
843 4013 926 4077 enim
945 4011 1024 4077 lueri
1046 4012 1179 4078 maxime
1202 4012 1315 4078 iecisse
1330 4011 1487 4094 videntur,
1511 4013 1565 4096 qui
1588 4013 1695 4078 statim
1718 4022 1951 4099 postmortem

235 4122 427 4208 possessoris
459 4123 493 4186 in
527 4123 611 4186 bona
646 4120 836 4200 invaserant,
871 4126 907 4184 ut
939 4118 1092 4203 quidquid
1125 4120 1279 4185 numerati
1312 4119 1440 4184 adesset
1474 4119 1651 4205 arriperent
1683 4126 1778 4204 atque
1800 4122 1833 4187 in
1857 4143 1947 4188 suum

236 4251 324 4295 usum
360 4236 591 4294 converterent.
638 4225 719 4291 Nam
753 4247 822 4291 cum
845 4246 896 4292 res
920 4225 988 4290 fere
1015 4245 1087 4291 sero
1110 4226 1347 4307 diiudicaretur,
1371 4224 1589 4291 difficillimum
1624 4233 1693 4291 erat
1717 4227 1945 4310 demonstrare,

237 4344 354 4420 quanta
376 4336 512 4421 pecunia
535 4335 618 4399 domi
641 4333 761 4414 l'uisset,
796 4342 945 4418 quantum
969 4340 1002 4398 et
1024 4354 1044 4397 a
1066 4354 1128 4417 quo
1151 4341 1330 4420 surreptum
1354 4339 1448 4399 esset
1493 4331 1548 4398 Sic
1569 4352 1610 4397 ne
1634 4353 1674 4398 ex
1698 4334 1855 4401 drachmis
1878 4356 1949 4401 ses·

237 4444 338 4509 centis
372 4442 507 4525 quidem,
544 4461 621 4524 quas
643 4447 739 4506 antea
762 4440 947 4506 Moschione
979 4459 1072 4506 servo
1096 4446 1295 4507 extorserant
1318 4436 1353 4526 (ξ
1378 4438 1443 4525 17),
1469 4438 1638 4523 quidquam
1662 4448 1716 4505 aut
1740 4439 1943 4507 Callistratus

237 4559 291 4615 aut
314 4548 555 4635 Olympiodorus
589 4547 768 4613 reddidisse
802 4550 961 4634 putandus
993 4558 1052 4614 est.
1098 4546 1296 4614 Callistratus
1331 4556 1419 4616 certe
1442 4548 1470 4614 si
1492 4546 1693 4631 reddidisset,
1730 4554 1847 4632 quanta
1869 4567 1947 4613 usus

254 4760 279 4832 1)
298 4761 337 4821 Cl.
356 4760 739 4833 MeierSchoeurann·Lipslus
757 4777 785 4831 p.
802 4758 863 4827 tlt,
881 4761 973 4832 Rigor
991 4779 1017 4833 p.
1037 4760 1070 4820 19
1088 4779 1147 4833 aqu.

251 4867 281 4939 2)
300 4869 340 4927 cf.
359 4866 744 4940 MeieeSchoemaun-Lrpaiua
761 4885 788 4938 p.
806 4867 860 4921 973
877 4885 935 4940 squ.

251 4976 281 5042 3)
301 4977 385 5043 Quam
403 4977 532 5030 rationem
551 4975 641 5046 Rigor
658 4992 685 5046 p.
704 4973 740 5032 23
759 4991 817 5046 squ.
837 4979 936 5033 tuctur.
