4374 5610
245 1610 412 1737 Videmus
433 1665 483 1730 his
506 1664 700 1749 temporibus
723 1684 851 1749 operam
885 1662 937 1728 vel
959 1664 1124 1727 maximam
1145 1663 1179 1727 in
1202 1663 1395 1728 orationihus
1418 1663 1464 1726 eis
1488 1661 1648 1743 collocari,
1672 1680 1753 1744 quae
1776 1660 1817 1725 de
1841 1660 1943 1726 causis

245 1773 377 1858 privatis
399 1781 473 1837 sunt
494 1771 578 1837 inter
592 1770 863 1838 Demosthenicas.
908 1770 947 1834 lu
970 1771 1082 1853 quibus
1118 1769 1150 1834 id
1173 1770 1357 1856 plerumque
1374 1769 1544 1852 quaeritur,
1568 1789 1642 1833 num
1664 1769 1704 1833 ab
1726 1767 1797 1853 ipso
1820 1777 1946 1833 oratore

244 1878 517 1966 praestantissimo
538 1876 704 1963 proiectae
725 1877 799 1958 sint,
834 1886 868 1942 et
905 1877 932 1941 si
966 1897 1048 1961 quae
1069 1876 1284 1942 Demosthene
1311 1877 1460 1961 indignae
1485 1877 1571 1942 visae
1606 1884 1687 1956 sunt,
1728 1876 1948 1960 investigatur,

244 2007 324 2070 quae
347 1987 431 2050 inter
453 2005 487 2050 se
510 1992 630 2049 tantam
652 1985 830 2068 praebeant
857 1985 1103 2066 similitudinem,
1137 1993 1173 2049 ut
1194 1985 1235 2049 ab
1259 1984 1371 2049 eodem
1393 1984 1549 2068 scriptore
1587 1981 1751 2048 confectae
1785 1983 1945 2067 putandae

242 2094 316 2158 nint.
364 2090 432 2157 Res
464 2112 540 2157 vero
573 2092 663 2176 ipsae
698 2100 732 2155 et
767 2111 882 2156 causae
917 2092 1031 2156 sinon
1062 2091 1281 2176 negleguntur,
1317 2101 1351 2156 at
1384 2090 1499 2155 leviter
1530 2091 1737 2174 attinguntur,
1762 2109 1946 2173 quamquam

244 2220 309 2265 non
331 2199 431 2263 solum
463 2220 522 2284 per
544 2218 579 2262 se
616 2198 776 2281 digniores
808 2199 964 2280 videntur,
1000 2219 1080 2282 quae
1103 2200 1333 2284 perquirantur,
1373 2197 1431 2263 sed
1465 2217 1506 2262 ne
1529 2205 1630 2263 artem
1652 2197 1778 2280 quidem
1813 2197 1947 2261 oratoris

245 2306 386 2370 iudicare
407 2314 494 2371 recte
518 2305 640 2391 poterit
663 2305 700 2379 ie,
742 2305 796 2388 qui
819 2325 945 2371 oausam
967 2325 1030 2370 non
1054 2314 1202 2371 accurate
1223 2306 1459 2391 perspexerit.¹)
1500 2303 1558 2369 Cui
1580 2306 1628 2370 rei
1651 2305 1711 2369 etsi
1726 2304 1766 2368 A.
1784 2301 1950 2383 Schaeser,

245 2432 306 2496 quo
340 2433 432 2478 nemo
467 2413 577 2477 melius
614 2412 663 2475 sir
707 2413 818 2477 doctus
853 2413 894 2476 de
928 2420 1053 2477 oratore
1087 2433 1205 2478 summo
1238 2414 1367 2478 meritus
1401 2421 1460 2493 est,
1495 2411 1634 2477 laborem
1669 2411 1945 2476 fructuosissimum

244 2519 408 2605 impendit,
443 2525 549 2584 tamen
584 2519 632 2584 his
667 2520 798 2603 triginta
831 2521 922 2584 annis
955 2519 1149 2605 reipublicae
1172 2520 1409 2585 Atheniensium
1444 2519 1558 2584 notitia
1579 2519 1772 2601 aliquantum
1794 2526 1947 2602 provecta

243 2627 380 2706 videtur,
415 2634 451 2690 ut
484 2646 552 2691 eam
575 2626 680 2711 operis
704 2627 825 2711 egregii
848 2635 980 2711 partem,
1011 2648 1080 2692 cum
1104 2635 1211 2692 cetera
1234 2627 1323 2691 noris
1339 2627 1422 2691 curis
1445 2626 1611 2691 emendata
1634 2632 1668 2689 et
1690 2624 1848 2709 perpolita
1870 2624 1946 2705 sint,

242 2734 311 2797 iure
336 2731 446 2796 doleas
467 2733 645 2815 neglectam
678 2734 791 2801 iacere.
837 2732 992 2816 Equidem
1027 2741 1060 2798 et
1082 2731 1187 2818 aliur)
1226 2734 1350 2816 siquid
1388 2733 1506 2798 fructus
1540 2733 1581 2797 ad
1615 2753 1684 2796 eam
1716 2752 1782 2795 rem
1805 2730 1949 2796 conterre

244 2857 371 2922 possem
394 2844 525 2901 conatus
540 2859 607 2903 sum
624 2847 656 2904 et
672 2861 765 2917 nunc,
788 2861 829 2905 ue
846 2841 972 2905 libellus
994 2843 1148 2926 gymnasii
1162 2842 1263 2906 nostri
1288 2840 1520 2905 anniversarius
1552 2840 1620 2904 sine
1643 2838 1750 2921 aliquo
1773 2838 1947 2903 litterarum

244 2944 417 3029 specimine
439 2944 472 3007 in
499 2945 656 3030 publicum
679 2947 831 3032 prodiret,
860 2949 994 3012 animum
1021 2949 1130 3013 induxi
1154 2968 1341 3033 proponere,
1377 2968 1457 3030 quae
1481 2947 1521 3011 dc
1545 2946 1730 3029 quibusdam
1752 2945 1947 3010 orationibus

242 3051 403 3115 invenisse
425 3050 500 3114 mihi
523 3051 665 3116 videbar.

991 3194 1203 3211 ’δΛΛΛΛΛ-ἺΛΛΛΛᾺ

1074 3358 1099 3448 Ι.

402 3509 440 3575 ln
464 3513 607 3578 oratione
631 3536 688 3599 pro
716 3514 898 3581 Callistrato
921 3518 954 3581 in
984 3517 1239 3603 Olympiodcruru
1254 3519 1374 3604 scripta
1397 3515 1568 3603 (XLVIIl)
1585 3519 1664 3581 hacc
1684 3515 1750 3580 fere
1765 3520 1946 3580 narrantur:

244 3615 413 3700 Postquam
429 3616 539 3684 Conon
564 3620 753 3686 Halaeensis
777 3623 845 3687 sine
868 3623 977 3688 liberis
994 3626 1142 3707 decessit,
1167 3624 1366 3691 Callistratus
1390 3627 1515 3710 quidam
1538 3645 1691 3689 unacum
1721 3621 1946 3707 Olympiodoro

245 3724 351 3788 uxoris
365 3724 461 3789 fratre
482 3726 615 3810 primum
638 3729 806 3814 propinqui
830 3731 878 3794 sui
894 3729 994 3795 luneri
1007 3733 1110 3796 omnia
1132 3734 1216 3798 iusta
1237 3732 1373 3814 solvunt,
1398 3733 1513 3798 deinde
1536 3733 1717 3817 priusquam
1733 3729 1868 3794 heredes
1890 3728 1947 3793 alii

244 3828 488 3913 intercederent,
512 3833 545 3898 in
567 3835 651 3898 bona
674 3836 740 3900 eius
775 3837 928 3902 invadunt
962 3848 1058 3920 atquc
1092 3839 1174 3904 inter
1207 3860 1242 3905 se
1267 3841 1445 3925 partiuntur
1471 3841 1619 3925 pactione
1643 3839 1736 3919 hacta,
1761 3857 1823 3920 qua
1838 3835 1889 3900 vel
1912 3836 1950 3899 in

246 3944 407 4020 posterum
442 3941 595 4005 communi
634 3961 668 4006 se
702 3964 811 4009 usuros
835 3944 965 4009 consilio
992 3946 1191 4029 pollicentur.
1238 3946 1281 4011 Et
1319 3969 1506 4031 quamquam
1544 3947 1649 4032 paullo
1688 3953 1762 4030 post
1794 3943 1882 4007 rixae
1906 3942 1947 4006 de

244 4042 388 4126 pecuniis
419 4047 604 4128 quibusdam
638 4049 787 4131 oriuntur,
825 4060 929 4115 tamen
964 4072 1032 4116 cum
1056 4061 1089 4116 et
1112 4054 1166 4117 alii
1189 4061 1222 4118 et
1249 4052 1421 4140 Callippus,
1446 4052 1620 4119 callistrati
1643 4052 1740 4117 frater
1766 4068 1945 4135 germanus,

241 4151 374 4215 eandem
390 4151 599 4219 hereditatem
614 4157 812 4241 petivissent,
837 4158 969 4224 consilio
986 4159 1177 4224 defensionis
1193 4162 1419 4227 communicato
1443 4162 1526 4226 diem
1547 4159 1764 4246 aPythodoto
1787 4157 1940 4222 archonte

240 4254 320 4341 (343
345 4280 372 4323 a.
398 4257 488 4344 Chr.)
513 4262 629 4326 dietam
658 4263 783 4327 differre
807 4274 962 4330 conantur
984 4288 1022 4331 ea
1044 4268 1167 4331 ratione
1190 4270 1260 4349 nisi,
1296 4269 1379 4352 quod
1403 4268 1645 4355 Olympiodorus
1676 4263 1888 4351 expeditionis
1911 4263 1946 4326 in

243 4365 454 4430 Acarnaniam
480 4366 582 4432 laetae
617 4371 778 4455 particeps
813 4393 882 4436 cum
907 4376 1048 4438 exercitu
1083 4375 1175 4440 domo
1198 4377 1334 4441 abesset.
1381 4374 1444 4443 Sed
1468 4376 1590 4442 iudices
1612 4372 1794 4461 petentibus
1818 4371 1942 4450 desunt,

242 4468 418 4537 adversarii
431 4472 592 4539 archontis
616 4477 805 4543 auctoritate
828 4478 941 4544 firmati
954 4480 1163 4546 hereditatem
1186 4482 1314 4563 adeunt,
1339 4484 1490 4548 bonorum
1514 4504 1587 4569 pars
1609 4481 1709 4545 altera
1725 4502 1743 4543 a
1759 4476 1942 4543 Callistrato

237 4577 383 4660 traditur,
407 4579 440 4643 in
463 4579 604 4661 alteram,
629 4603 709 4665 quae
733 4583 958 4670 Olympiodoro
982 4587 1164 4669 obvenerat,
1189 4609 1245 4654 suo
1270 4590 1337 4655 iure
1359 4590 1521 4655 invadunt.
1561 4587 1802 4675 Olympiodorue
1825 4604 1900 4649 vero
1924 4604 1942 4646 e

237 4719 452 4732 ——-...-.

256 4786 282 4855 1)
300 4788 363 4845 Huc
382 4792 449 4846 vitio
460 4792 582 4847 laborant
591 4799 761 4864 qaraestiones
777 4802 932 4869 ceteroquin
952 4800 1171 4871 diligentissimae
1183 4802 1263 4857 Uhlei
1281 4804 1314 4859 du
1333 4805 1482 4859 orationum
1502 4800 1676 4858 Demostheni
1694 4799 1760 4855 inlso
1778 4798 1943 4853 addictarum

300 4881 485 4949 scriptoribus.
522 4883 625 4952 Hagen.
648 4884 718 4941 1883
736 4886 810 4957 Lips.
833 4888 911 4944 lusu.

253 4964 284 5033 2)
303 4966 419 5023 Hermae
431 4970 610 5027 Beroliuensis
629 4974 909 5048 v01.xxur,p.202
928 4996 986 5051 squ.
996 4997 1022 5050 p.
1041 4979 1161 5051 aaran.
1180 4984 1415 5040 commentationes
1433 4986 1460 5038 in
1480 4985 1606 5045 honorem
1624 4983 1662 5040 li.
1681 4980 1775 5035 liert-a.
1794 4994 1819 5047 p.
1833 4976 1944 5047 theou.
