4374 5610
1087 379 1243 444 ..2-

310 595 396 663 bello
418 614 575 677 reversus,
612 614 681 660 cum
711 593 856 666 ieiunam
878 593 998 660 illatam
1020 593 1103 659 serre
1125 592 1234 675 nollet,
1269 613 1377 659 rursus
1400 612 1469 657 com
1491 589 1674 658 Callistrato
1690 593 1843 659 societate
1865 593 1946 659 inita
1961 613 2017 679 eos

311 703 365 787 qui
399 702 482 768 hona
504 701 713 788 possederant
750 701 783 766 in
820 701 869 766 ius
902 707 1005 782 vocat,
1028 699 1144 765 indicio
1178 699 1287 782 vincit,
1311 707 1380 766 tota
1401 696 1540 764 Cononis
1562 699 1741 765 hereditate
1764 700 1891 784 potitur.
1936 701 2017 767 Tum

296 809 511 875 ¹Callistratus
544 830 585 875 ex
617 809 766 896 pactione
801 807 891 874 initio
925 807 1010 873 lacta
1032 806 1191 871 dimidiam
1214 806 1365 871 honorum
1399 814 1522 890 partem
1544 802 1590 871 ‘ab
1613 805 1838 893 Olympiodoro
1865 809 2016 893 postulat,

314 917 398 1000 quod
420 917 469 981 ins
492 916 635 981 oratione
659 936 707 996 ea,
732 935 812 998 qnae
834 934 917 979 nunc
940 913 1056 997 legitur
1077 912 1161 976 inter
1175 913 1447 994 Demosthenicus,
1470 914 1679 999 persequitur.

474 1021 541 1087 lam
565 1043 634 1088 cum
662 1031 696 1086 et
730 1041 853 1087 causam
873 1020 1040 1107 pessimam
1075 1028 1109 1083 et
1130 1017 1344 1085 Callistratum
1377 1020 1533 1086 hominem
1555 1041 1689 1105 nequam
1710 1041 1781 1087 esse
1803 1022 1887 1086 inter
1908 1042 2017 1088 omnes

319 1135 455 1212 constet,
480 1149 572 1213 quern
594 1129 687 1193 fateri
699 1148 762 1193 non
784 1129 904 1214 pudeat
918 1147 953 1192 se
968 1125 1185 1211 Olympiodori
1206 1126 1240 1191 in
1255 1127 1371 1192 indicio
1386 1128 1551 1194 mendacia
1566 1129 1710 1194 consulto
1725 1129 1883 1195 adiuvisse
1899 1127 1934 1216 (ἕ
1946 1129 2015 1216 44),

315 1236 420 1320 isqui
457 1236 638 1302 discernere
660 1235 756 1317 volet,
795 1236 871 1319 quid
905 1243 1012 1300 orator
1044 1253 1119 1297 vere
1143 1233 1239 1315 dicat,
1274 1233 1350 1317 quid
1372 1235 1551 1316 mentiatur,
1586 1256 1656 1301 eam
1679 1236 1840 1302 commode
1862 1238 2016 1303 rationem

320 1342 525 1427 ingredietur,
561 1351 597 1408 ut
627 1351 767 1426 quaerat,
802 1362 959 1425 quaeres
992 1341 1126 1406 testibus
1149 1340 1299 1405 adhibitis
1321 1341 1362 1405 ah
1385 1350 1511 1407 oratore
1534 1342 1743 1409 stabiliantur.
1788 1341 1870 1409 Nam
1893 1345 2015 1410 etiamsi

315 1450 451 1515 Athenis
473 1470 537 1514 non
565 1469 637 1514 raro
670 1456 769 1513 testes
800 1447 873 1513 falsi
894 1448 1134 1529 inducebantur,
1163 1458 1267 1513 Omen
1303 1456 1410 1513 orator
1446 1450 1480 1513 in
1502 1450 1551 1530 iis,
1587 1470 1668 1534 quae
1692 1451 1871 1516 testimonio
1893 1450 2018 1517 firmata

318 1568 400 1638 sunt,
429 1557 530 1621 minus
556 1577 577 1620 a
611 1575 687 1621 sero
718 1555 889 1621 recessisse
911 1554 1069 1640 putandus
1107 1555 1176 1622 erit.
1221 1552 1302 1620 Sunt
1324 1563 1428 1620 autem
1450 1556 1544 1622 haec:
1567 1555 1705 1621 Primum
1727 1557 1948 1639 Androclides,
1983 1558 2017 1623 in

316 1664 403 1730 cuius
425 1663 488 1728 fide
511 1663 616 1748 pactio
640 1662 786 1747 deposita
808 1670 887 1742 erat,
922 1661 1177 1746 olympiodorum
1200 1681 1270 1727 cnm
1292 1660 1474 1728 Callistrato
1496 1672 1623 1748 pactum
1646 1683 1716 1728 esse
1738 1671 1875 1729 testatur
1898 1660 1933 1748 (ὅ
1951 1662 2017 1749 11).

318 1771 443 1836 Deinde
466 1770 558 1834 testis
582 1770 694 1850 editur,
719 1770 772 1852 qui
792 1767 1048 1855 olympiodorum
1072 1766 1209 1834 Cononis
1242 1768 1326 1834 bona
1360 1789 1430 1834 oum
1453 1768 1636 1835 Callistrato
1658 1771 1808 1856 partitum
1836 1791 1907 1836 esse
1930 1771 2018 1836 dicat

311 1875 345 1964 (ξ
378 1875 446 1962 33).
492 1876 571 1940 Tum
607 1876 775 1957 inducitur,
812 1876 866 1959 qui
897 1875 1095 1941 adversarios
1127 1876 1318 1940 auctoritate
1350 1875 1480 1961 publica
1502 1876 1599 1942 fretos
1621 1877 1713 1942 bonis
1736 1876 1874 1942 Cononis
1896 1878 2017 1963 potitos

315 2005 386 2050 esse
410 1983 573 2050 confirnret
610 1979 644 2067 (ξ
668 1982 737 2067 34).
782 1982 927 2066 Denique
950 1981 1162 2047 Androclides
1195 1982 1279 2047 idem
1312 1982 1353 2047 ah
1376 1981 1600 2068 Olympiodoro
1633 1985 1794 2067 usquead
1824 1984 1907 2049 diem
1929 1984 2017 2050 illum

311 2092 491 2178 pactionem
515 2109 617 2172 neque
648 2090 802 2154 sublatam
826 2108 928 2171 neque
952 2090 1160 2154 detrectatum
1183 2107 1254 2153 esse
1291 2088 1458 2174 profitetur
1495 2087 1529 2176 (ξ
1548 2087 1618 2176 41).
1668 2090 1863 2157 Testimonia
1895 2091 2017 2174 reliqua

313 2200 417 2279 mitto,
443 2197 560 2281 quippe
584 2217 665 2280 quae
687 2216 751 2261 non
773 2205 836 2261 tam
860 2196 901 2260 ad
925 2217 992 2260 rem
1015 2196 1113 2280 ipsam
1137 2214 1229 2277 quam
1262 2196 1304 2258 ad
1326 2195 1515 2279 litigantium
1536 2197 1638 2281 iurgia
1659 2206 1692 2262 et
1718 2198 1803 2262 rixas
1826 2198 2016 2284 pertineant.

476 2300 564 2378 Quae
588 2303 775 2382 testimonia,
803 2303 872 2387 quis
896 2310 945 2367 est
971 2303 1046 2385 quin
1069 2321 1229 2387 perpauca
1251 2321 1322 2367 esse
1344 2302 1479 2366 videat?
1501 2303 1571 2385 quis
1592 2322 1656 2368 nou
1678 2304 1900 2370 animadvertit
1914 2304 2019 2369 omnia

314 2431 396 2495 quae
420 2409 658 2475 deuotionibus
694 2417 727 2475 et
755 2411 963 2496 petitionibus
999 2418 1186 2474 enarrentur
1218 2409 1353 2472 testibus
1388 2409 1517 2474 carere?
1552 2409 1602 2474 cui
1624 2429 1688 2475 non
1710 2420 1853 2477 movetur
1875 2412 2014 2496 suspicio

310 2519 493 2584 testimonia
515 2516 637 2597 abesse,
673 2519 746 2600 quia
770 2518 839 2581 dari
861 2538 924 2582 non
946 2517 1116 2603 potuerint,
1147 2516 1303 2581 hominem
1325 2515 1547 2597 nequissimum
1570 2516 1721 2601 pleraque
1744 2518 1800 2583 illa
1822 2539 1893 2584 esse
1915 2539 2019 2584 emen·

311 2627 424 2693 titum?
463 2625 502 2691 Id
517 2646 594 2690 vero
610 2633 728 2690 certum
744 2626 870 2689 videtur
891 2635 965 2710 post
977 2622 1114 2688 Cononis
1135 2631 1264 2687 mortem
1280 2619 1494 2686 Callistratum
1514 2643 1583 2687 cum
1598 2621 1823 2708 Olympiodoro
1837 2625 2019 2709 pactionem

312 2735 353 2800 de
386 2733 478 2799 bonis
500 2732 675 2819 partiendis
696 2731 822 2818 inisse¹)
857 2751 895 2795 eo
918 2729 1059 2809 consilio,
1094 2737 1129 2794 ut
1150 2731 1212 2815 ipsi
1246 2749 1286 2794 ex
1319 2728 1359 2793 iis
1381 2749 1473 2811 quam
1495 2730 1661 2795 maximum
1696 2730 1828 2796 fructum
1852 2740 2014 2817 caperent,

310 2842 500 2928 priusquam
534 2839 668 2903 heredes
701 2837 756 2902 alii
787 2837 1038 2921 ingrederentur.
1085 2835 1134 2900 Ea
1161 2836 1243 2901 enim
1272 2835 1418 2921 pactione
1441 2843 1548 2902 orator
1570 2837 1622 2902 vel
1644 2839 1778 2904 maxime
1800 2838 1919 2921 nititur,
1943 2860 2014 2904 eam

314 2957 348 3014 et
375 2956 449 3012 ante
479 2946 562 3010 diem
590 2945 698 3009 iudicii
725 2945 862 3008 describi
890 2944 1043 3023 voluerat,
1073 2952 1106 3007 et
1128 2950 1203 3007 tunc
1226 2941 1310 3027 apud
1333 2941 1453 3006 iudices
1476 2941 1569 3028 legi’)
1592 2943 1679 3008 iubet
1707 2944 1809 3010 invito
1832 2946 2014 3011 adversario

317 3052 352 3141 (ξ
372 3055 418 3119 48
442 3049 525 3136 squ.)
570 3047 777 3127 Quamobrem
814 3059 920 3115 orator
950 3070 990 3114 ne
1014 3071 1052 3114 ea
1075 3048 1201 3131 quidem
1224 3068 1305 3132 quae
1327 3055 1422 3134 pacta
1444 3068 1515 3114 esse
1538 3050 1616 3115 dicit
1637 3048 1766 3115 finxisse
1789 3052 2016 3118 existimandus

313 3169 377 3227 est:
412 3167 448 3224 ut
482 3160 566 3223 bona
588 3178 689 3241 aeque
717 3166 750 3222 et
776 3158 858 3222 iuste
880 3158 1083 3244 partirentur,
1112 3162 1148 3220 ut
1169 3156 1359 3221 coniunctim
1381 3162 1579 3239 quaererent,
1614 3156 1642 3221 si
1670 3157 1745 3240 quid
1767 3157 1892 3241 lateret,
1926 3168 1961 3223 ut
1982 3159 2016 3223 in

317 3274 478 3355 posterum
502 3266 529 3330 si
552 3264 628 3347 quid
643 3285 722 3349 opus
745 3273 831 3329 esset
854 3265 985 3330 consilio
1009 3264 1163 3328 communi
1185 3269 1348 3328 uterentur
1370 3260 1403 3347 (ξ
1427 3261 1472 3348 9).

475 3371 541 3436 Sed
577 3390 638 3453 qno
674 3371 801 3436 tandem
834 3370 902 3435 iure
925 3369 1124 3435 Callistratus
1159 3378 1192 3434 et
1214 3369 1456 3454 Olympiodorus
1491 3369 1524 3434 in
1547 3368 1684 3436 Cononis
1707 3371 1791 3436 hona
1812 3371 2016 3437 invaserunt?

313 3480 420 3563 Nullo,
457 3486 605 3562 quantum
630 3478 774 3560 equidem
796 3477 966 3563 perspicis,
990 3497 1175 3561 quamquam
1198 3484 1331 3559 uterque
1354 3495 1389 3542 se
1410 3476 1494 3541 illius
1518 3486 1684 3562 cognatum
1707 3478 1794 3544 dicit.
1841 3476 1920 3543 Cum
1934 3479 2017 3544 enim

279 3586 451 3652 'Athenis
487 3585 555 3649 sine
590 3584 792 3666 magistratus
815 3584 1004 3649 auctoritate
1027 3583 1237 3649 hereditatem
1259 3583 1348 3648 adire
1371 3583 1432 3648 nisi
1454 3583 1519 3649 filio
1542 3604 1605 3648 non
1628 3584 1749 3666 liceret,
1781 3586 2020 3652 contraisset

317 3694 365 3759 ias
384 3694 418 3756 in
441 3691 497 3756 illa
520 3691 604 3755 bona
625 3690 776 3776 irrupisse
799 3691 932 3775 putandi
954 3690 1065 3774 sunt.¹)
1111 3692 1218 3773 Atque
1242 3698 1357 3774 orator,
1381 3709 1442 3773 quo
1466 3691 1662 3776 cognationis
1684 3692 1785 3776 gradu
1807 3692 1858 3757 vel
1873 3692 1944 3777 ipse
1965 3692 2020 3758 vel

318 3798 563 3886 Olympiodorus
586 3795 745 3862 Cononem
769 3797 920 3881 attigerit,
944 3818 1103 3883 exponere
1125 3796 1251 3878 omittit,
1274 3796 1308 3860 id
1332 3797 1426 3879 quod,
1450 3789 1510 3862 etsi
1532 3806 1597 3863 tum
1612 3819 1675 3863 non
1700 3797 1740 3863 de
1763 3799 1941 3864 hereditate
1961 3799 2020 3864 sed

311 3907 356 3973 de
379 3905 530 3992 pactione
565 3902 604 3968 lis
628 3910 707 3984 erat,
738 3911 843 3968 tamen
866 3902 951 3988 apud
977 3904 1099 3968 indices
1121 3903 1272 3968 heliastas
1303 3902 1496 3986 aliquantum
1518 3904 1624 3969 valere
1647 3911 1783 3989 poterat.
1830 3903 1912 3970 Nam
1934 3903 2017 3988 quod

314 4034 350 4079 se
373 4030 493 4096 genere
516 4010 689 4095 proximum
706 4009 802 4074 fuisse
816 4010 916 4074 iactat
937 4008 972 4094 (§
985 4009 1030 4096 6),
1054 4010 1087 4074 id
1104 4009 1195 4073 nihili
1217 4029 1288 4074 esse
1303 4008 1479 4074 faciendum
1501 4010 1562 4075 iam
1578 4010 1729 4077 Libanins
1746 4012 1790 4097 (p.
1810 4011 1912 4098 1165)
1927 4010 2016 4076 vidit.

477 4117 590 4200 Neque
611 4117 659 4181 ita
680 4116 777 4182 multo
801 4125 874 4201 post
897 4136 965 4181 cum
988 4117 1043 4181 alii
1066 4112 1100 4202 (ξ
1125 4116 1195 4200 20⁴)
1219 4122 1284 4179 tum
1307 4113 1482 4200 Callippus,
1507 4114 1680 4182 Callistrati
1698 4116 1806 4200 irater,
1829 4119 1863 4183 in
1885 4117 2019 4204 patriam

335 4311 361 4383 l)
379 4312 413 4368 ci.
432 4312 554 4376 Dareste,
572 4309 612 4365 les
629 4309 779 4382 pleidoyers
797 4310 876 4366 civile
895 4311 928 4366 de
946 4311 1125 4366 Demosthene
1143 4309 1171 4375 11,
1189 4309 1217 4366 2.

330 4417 363 4487 2)
383 4417 461 4486 Quod
478 4421 568 4472 orator
586 4413 603 4486 δ
622 4414 655 4469 51
675 4417 751 4472 dicit:
770 4415 825 4482 καὶ
848 4419 1041 4501 συγχωρῶ,
1067 4401 1092 4480 ὦ
1112 4408 1141 4482 ἆ.
1160 4418 1189 4482 d.
1208 4413 1243 4480 ἐν
1265 4417 1311 4503 τῷ
1330 4411 1447 4481 τούτου
1463 4411 1548 4501 λόγῳ
1567 4412 1593 4504 ἢ
1609 4413 1645 4481 ἐν
1662 4418 1708 4503 aqi
1725 4415 1906 4504 προτέρφῆ
1923 4414 1959 4483 ἐν
1975 4421 2022 4506 aqi

377 4521 501 4610 ὕστὲρῳ
510 4518 709 4604 &satyricus
726 4527 767 4580 itu
784 4525 919 4597 intellego,
946 4535 978 4582 ut
995 4542 1013 4581 e
1030 4545 1059 4583 re
1077 4528 1223 4584 adversarii
1245 4528 1326 4582 tuisse
1343 4532 1433 4598 putem
1453 4528 1604 4598 pactionem
1621 4529 1692 4583 inter
1709 4531 1768 4586 eius
1785 4531 1932 4586 orationem
1958 4530 2022 4602 legi,

378 4633 495 4705 quodsi
521 4632 617 4689 lectam
635 4634 728 4688 statim
750 4634 919 4706 interpretari
937 4635 1017 4690 etad
1035 4651 1142 4690 canem
1168 4634 1294 4689 adhibere
1312 4633 1420 4690 licebat.
1457 4633 1535 4702 Quod
1552 4640 1681 4706 superest,
1700 4636 1814 4706 Rueger,
1832 4635 2024 4707 prolegomena

380 4725 410 4778 iu
425 4722 611 4778 Demosthenis
628 4739 696 4794 quae
720 4723 804 4778 fertur
822 4724 1103 4779 orationemadversus
1121 4721 1340 4794 Olympiodorum
1358 4724 1467 4795 Lipsiae
1486 4721 1556 4781 1886
1573 4740 1600 4794 p.
1612 4723 1647 4776 117
1666 4724 1781 4781 Uhlenm
1798 4723 1895 4795 (llp.
1906 4723 1940 4777 18
1948 4729 2023 4794 squt

381 4813 428 4883 qui
447 4816 502 4867 tres
520 4813 659 4883 pactiones
676 4811 747 4867 inter
764 4811 902 4883 litigantes
919 4829 978 4868 esse
995 4813 1080 4868 taces
1097 4817 1253 4883 sumpserat,
1271 4813 1494 4883 veregredargult

333 4901 365 4972 3)
383 4901 417 4960 ci.
435 4900 581 4967 Humane,
598 4903 700 4972 antiqu
717 4917 828 4972 grecam
845 4900 886 4967 11⁸,
905 4899 929 4966 1,
947 4917 974 4972 p.
992 4899 1105 4955 73111111.

332 4991 365 5060 4)
385 4990 455 5046 Eum
472 4989 562 5047 locum
579 4990 670 5060 Rdger
688 4989 728 5060 (p.
748 4989 782 5043 111
800 4990 871 5061 squ.)
890 4989 1039 5061 neglexisse
1056 4990 1169 5057 videtur,
1187 5006 1248 5045 eum
1266 4989 1332 5046 dnae
1349 4994 1454 5046 tantum
1470 4989 1635 5063 litigantium
1652 4993 1743 5061 partes
1753 4989 1877 5046 extitisse
1895 4987 1985 5045 vehet.
